2563 3546
1181 121 1250 174 12

442 281 510 314 To.
557 270 673 322 Quid
702 286 781 326 ego
815 270 994 310 faciam?
1021 271 1142 310 disne
1171 271 1388 323 aclvorser‚
1424 272 1577 328 quibus
1610 280 1673 311 sat
1704 286 1799 311 esse
1833 275 1919 311 non
1950 289 2099 330 queam
2112 276 2133 314 Ἰ

38 348 80 380 nt
113 341 178 380 bic
208 355 382 395 quoquc
414 330 610 397 appareat
643 358 768 397 quam
802 342 853 380 sit
885 349 1063 381 metrum
1095 343 1356 382 certissimus
1388 344 1730 384 emendationum
1771 351 1842 384 aut
1872 346 2146 387 contii-mator
2174 353 2243 387 aut
2273 346 2384 386 refu-

40 418 160 451 tator.
223 411 429 458 Similem,
462 414 535 452 sed
566 413 805 452 breviorem
837 414 1023 467 glossam
1055 414 1385 469 deprehendisse
1417 415 1518 454 mibi
1553 416 1700 456 videor
1731 416 1882 457 Bacch.
1910 419 1950 469 4,
1984 420 2022 468 l,
2050 421 2076 456 9

446 485 577 524 Fores
610 485 773 538 pultare
806 484 962 524 nescis.
1022 484 1179 541 Ecquis
1211 486 1276 525 bis
1309 487 1350 525 in
1382 487 1590 538 aedibust,

40 554 110 593 ubi
144 555 256 594 varia
288 563 597 609 tcmptzn'erunt
628 556 777 605 critici,
808 573 938 612 qumu
966 557 1324 612 simplicissimum
1358 566 1470 598 esset
1500 559 1677 613 reliquis
1708 559 1933 599 inunutatis
1976 560 2126 599 l'ores
2167 568 2213 600 ut
2244 575 2294 600 ex
2326 561 2385 600 in-

41 627 340 680 terpretatione
367 633 510 666 natum
540 628 703 668 delere:
739 630 959 683 pultare
991 630 1187 671 nescis.
1249 622 1280 668 F]
1299 645 1359 684 eq
1375 630 1457 670 uis
1485 631 1566 670 bis
1599 631 1650 669 in
1682 634 1736 670 ae
1750 631 1838 670 dib
1853 640 1950 670 ust.
2022 631 2243 686 Frequens
2276 632 2386 672 enim

40 705 99 736 est
130 698 354 751 pultare
384 698 576 739 absolute
610 700 795 754 positum
822 702 874 741 cf.
907 701 1029 740 Asin.
1061 703 1102 747 2.,
1135 704 1171 751 3,
1202 704 1242 742 2.
1274 701 1459 741 Mostell.
1493 705 1534 748 2,
1563 701 1604 750 2,
1636 705 1688 741 15
1720 703 1774 742 ib.
1808 706 1848 750 -Ι,
1881 705 1921 754 6,
1951 706 2018 743 39.
2050 703 2183 743 Poen.
2209 707 2249 754 ἶ),
2277 707 2317 754 3,
2351 708 2387 743 l.

40 792 90 797 —
136 768 334 808 Ceterum
375 785 474 824 ego
518 780 559 811 et
594 787 725 826 ergo
765 772 1068 813 vocabulorum
1099 774 1294 813 confusio
1326 773 1521 828 plurimis
1550 774 1656 813 locis
1687 774 1852 824 evenit3
1908 774 2027 816 Pers.
2062 777 2100 825 1,
2130 779 2170 826 3,
2203 777 2283 814 1θῖ)
2330 776 2389 814 &s

42 859 169 898 ergo
212 860 289 899 pro
329 860 451 900 «ης-ο,
493 848 548 888 ib.
581 852 620 893 2.,
650 850 690 893 2,
721 853 772 889 31
803 849 906 890 &Es
938 851 1088 889 eodem
1118 866 1262 890 errore
1294 850 1500 890 laborant.
1578 850 1739 891 Contra
1779 865 1878 905 ego
1910 867 1988 907 pro
2021 867 2153 906 ergo
2186 854 2245 892 &s
2275 852 2388 891 exbi-

42 920 111 959 bet
148 920 300 962 Pseud.
335 926 374 974 4,
418 928 456 975 1,
507 929 554 965 10
590 934 630 966 et
672 925 774 967 &Es
803 927 856 966 ib.
888 929 928 978 -1,
960 929 999 978 6,
1030 928 1097 967 22.
1130 930 1170 977 5,
1197 928 1239 979 2,
1270 930 1307 966 6.
1383 927 1492 966 Hinc
1523 925 1672 967 ssaceb.
1705 931 1745 979 3,
1776 930 1815 979 6,
1845 930 1898 967 29
1939 929 2017 968 Die
2060 929 2156 984 quis
2191 936 2275 968 cst:
2319 943 2389 967 ne-

41 1006 166 1045 quam
199 993 382 1034 bominis
414 1000 493 1051 ego
526 999 642 1053 parvi
675 998 816 1053 pendo
847 999 1039 1053 gratiam,
1081 998 1152 1038 ubi
1196 997 1337 1038 llerm.
1381 1014 1517 1054 nuper
1558 999 1819 1040 emendavit:
1878 1015 1988 1040 nam
2028 1015 2252 1056 nequam
2292 1014 2389 1053 ego

42 1063 105 1101 bo
122 1064 184 1102 mi
200 1080 224 1102 n
242 1066 251 1104 i
267 1081 300 1116 5,
323 1067 398 1107 bac
420 1068 582 1109 leniore
601 1070 807 1110 medicina
828 1071 988 1109 biatum
1009 1071 1271 1110 removebis:
1304 1086 1442 1126 nequ
1459 1087 1529 1112 am
1562 1072 1625 1111 bo
1644 1071 1805 1111 minis
1840 1088 1860 1111 e
1875 1087 1969 1126 rgo
2005 1080 2082 1111 ete.
2116 1072 2149 1111 E
2165 1087 2258 1126 rgo
2279 1072 2391 1111 enim

40 1135 288 1193 plerumque
322 1141 431 1194 apud
463 1141 656 1181 Plautum
689 1150 772 1182 est:
805 1142 844 1184 in
877 1146 939 1185 ber
967 1144 1086 1194 ssbat.
1186 1142 1418 1198 Cori-eptae
1447 1144 1678 1199 particulae
1711 1145 1810 1183 bace
1842 1151 1955 1184 certa
1996 1144 2167 1199 quidem
2200 1144 2391 1199 exempla

42 1215 205 1248 exstare
239 1210 455 1252 videntur:
488 1213 576 1256 Mil.
609 1215 729 1256 Glor.
762 1219 802 1258 -l,
833 1218 873 1265 2,
907 1217 971 1256 18.
1046 1214 1218 1256 Mercat.
1247 1219 1285 1263 5,
1317 1217 1357 1267 4,
1391 1218 1455 1257 10.
1532 1215 1688 1255 Pseud.
1719 1219 1759 1267 5,
1790 1216 1831 1267 2,
1863 1218 1927 1255 16.
2004 1217 2136 1256 l'ocn.
2176 1219 2216 1263 4„
2252 1219 2294 1267 2,
2325 1220 2390 1258 59.

38 1282 103 1321 72,
167 1280 283 1322 l'crs.
316 1286 357 1335 2,
384 1286 424 1336 2,
457 1287 508 1324 3.’
555 1285 685 1326 Stich.
720 1290 759 1335 5,
791 1291 830 1339 -1,
861 1289 929 1329 ⁴5.
989 1287 1111 1327 Trin.
1145 1290 1184 1339 4,
1213 1290 1254 1341 2,
1286 1290 1363 1328 82:

449 1358 569 1398 Hanc
601 1360 804 1399 continuo
835 1363 1010 1400 uxorem
1040 1361 1201 1402 ducam.
1261 1360 1374 1413 Quid
1399 1363 1501 1413 ergo
1534 1360 1641 1399 bane
1673 1360 1843 1399 dubitas
1874 1360 2077 1414 colloqui.

447 1430 603 1471 Verum
637 1433 701 1472 bie
734 1433 847 1472 dicit.
909 1432 1010 1471 Tibi
1045 1435 1147 1487 ‘ergo
1180 1433 1293 1473 dicit.
1359 1424 1418 1472 {110
1453 1433 1554 1472 illud
1588 1440 1653 1471 est
1680 1435 1825 1471 verum
1859 1432 2005 1486 magis.

448 1502 561 1554 Qm'd
595 1506 697 1559 ergo
729 1505 895 1545 dubitas
926 1506 1027 1545 dare
1057 1505 1112 1545 mi
1141 1508 1395 1560 argentum?
1427 1505 1495 1545 lus
1528 1505 1654 1560 petis„
1687 1504 1833 1545 fateor.
1893 1503 2030 1544 Tene.

445 1575 557 1626 Quid
589 1579 690 1631 ergo
724 1577 891 1618 dubitas
922 1582 1023 1634 quin
1057 1578 1255 1618 lubenter
1283 1581 1354 1618 tuo
1389 1593 1460 1617 ero
1494 1592 1611 1616 meus
1644 1576 1762 1632 quod
1793 1576 1968 1632 possiet.

358 1648 395 1685 ἶ).
456 1646 612 1688 Facile.
674 1648 755 1689 Fae
785 1652 889 1705 eigo
922 1650 964 1689 id
997 1650 1118 1690 facile
1149 1665 1339 1702 noscam,
1366 1658 1410 1690 ut
1443 1651 1511 1690 illc
1543 1649 1678 1704 possit
1710 1652 1901 1689 noscere.

435 1713 517 1762 Aio
551 1727 782 1766 enimvero.
848 1728 962 1778 Quid
994 1729 1096 1781 ergo
1131 1727 1251 1766 dixi?
1310 1728 1403 1780 Ego
1438 1730 1552 1764 recte
1584 1726 1694 1779 apud
1724 1726 1834 1765 illam
1864 1725 2025 1765 dixero.

428 1788 522 1854 A'ge
552 1804 670 1855 ergo,
696 1803 897 1842 observa:
929 1807 963 1842 si
995 1803 1220 1858 peccas-sis,
1251 1803 1421 1842 mi'iltam
1454 1803 1521 1841 bic
1553 1801 1748 1841 retinebo
1782 1802 1907 1841 illico.

446 1871 508 1912 Ne
542 1874 646 1914 male
678 1874 854 1930 loquere
886 1874 1051 1915 absenti
1084 1875 1231 1914 amieo.
1296 1874 1410 1926 Quid
1442 1877 1545 1928 crgo
1578 1874 1648 1913 ille
1681 1873 2007 1927 ignavissumus.

252 1945 288 1983 l.
328 1944 360 1983 E
374 1960 438 1999 go
471 1946 604 1985 banc
632 1945 758 2001 vulg.
793 1955 831 1986 ct
863 1946 972 1987 libri.
1035 1946 1354 1986 Lindemannus
1385 1960 1485 2001 ego
1518 1952 1615 2000 post
1653 1959 1875 1984 uxorem
1917 1944 2085 2000 posuit3
2128 1944 2227 1984 mibi
2258 1946 2401 1986 delen-

49 2011 145 2051 dum
172 2015 312 2068 potius
344 2016 577 2058 videbatur.
638 2019 677 2058 2.
710 2018 849 2058 dicit
880 2018 964 2058 bic
996 2044 1049 2048 ——
1088 2033 1178 2057 ver
1192 2033 1216 2057 u
1232 2034 1269 2056 m
1303 2025 1384 2057 est
1411 2017 1608 2072 Vulgata.
1690 2015 1935 2056 Verborum
1964 2015 2156 2056 ordinem
2187 2035 2209 2058 a
2243 2033 2307 2057 me
2339 2033 2401 2057 re—

50 2083 238 2124 stitutum
279 2087 486 2128 dederunt
522 2091 637 2133 ΘΞΞ.
713 2106 750 2133 v,
792 2092 831 2131 8.
872 2090 1089 2132 Facillima
1129 2090 1301 2147 quidem
1347 2089 1682 2145 transpositione
1731 2088 1854 2144 quid
1909 2089 2005 2129 ille
2053 2105 2182 2143 ergo
2229 2089 2402 2130 Reizius

51 2161 197 2211 (quem
231 2159 423 2214 sequitur
453 2160 620 2217 Herm.)
641 2163 819 2203 removit
839 2164 1168 2219 correptionem7
1188 2163 1263 2203 sed
1293 2162 1439 2203 nescio
1461 2178 1511 2202 an
1534 2178 1618 2201 non
1639 2169 1774 2202 recte:
1808 2161 1842 2201 si
1863 2161 1974 2200 enim
2001 2162 2041 2200 in
2069 2162 2245 2216 reliquis
2275 2163 2403 2202 versi-

54 2228 131 2268 bus
164 2230 359 2270 Plautum
392 2233 651 2289 corripuisse
684 2235 975 2287 concedimus,
1002 2250 1076 2274 cur
1102 2236 1144 2275 in
1178 2251 1262 2275 ιιιιο
1294 2243 1472 2290 propter
1491 2234 1732 2288 corrigendi
1765 2233 2005 2273 facilitatem
2031 2233 2139 2272 idem
2170 2237 2405 2289 negemus?

52 2299 209 2340 Eadem
241 2302 519 2346 inconstantia
550 2313 612 2346 cst
641 2306 975 2360 Lindemannus,
1009 2308 1081 2364 qui
1114 2309 1323 2364 patienter
1355 2308 1449 2348 tulit
1482 2308 1523 2348 in
1556 2306 1707 2351 Milite,
1741 2306 1855 2363 quod
1886 2305 2130 2346 Hermanno
2173 2315 2406 2361 praecunte

53 2373 94 2411 in
127 2373 380 2416 Trinummo
413 2378 610 2418 correxit.

255 2448 395 2498 Quum
438 2449 592 2490 deinde
632 2450 866 2505 Sagaristio
898 2453 1129 2497 retulisset,
1166 2452 1398 2493 timendum
1430 2467 1539 2496 esseq
1580 2467 1632 2491 ne
1666 2453 1771 2492 latus
1803 2451 1951 2491 Toxili
1990 2450 2139 2491 ulmeis
2183 2452 2407 2507 catapultis

57 2519 338 2573 transfigatur⁷
365 2522 587 2576 magnifiee
620 2539 664 2562 sc
697 2523 849 2563 inferte

461 2610 497 2633 v.
528 2595 596 2634 29.
620 2594 802 2636 Basilice
833 2597 946 2652 agito
975 2596 1231 2637 Eleutlieria.
1270 2609 1331 2642 Sa,
1381 2594 1494 2646 Quid
1527 2595 1605 2634 iam
1618 2595 1638 2634 ‘2
1668 2583 1685 2666 Η
1718 2607 1786 2640 To.
1845 2600 1941 2651 quia
1988 2609 2086 2634 erus
2120 2611 2297 2650 peregre
2330 2605 2406 2638 est.

1491 2679 1552 2712 Sa.
1585 2673 1650 2708 a1'n
1680 2677 1724 2709 tu
1758 2668 2007 2725 peregi-est?

53 2731 167 2773 llaec
186 2733 310 2790 Vulg.
332 2737 499 2779 duobus
531 2740 724 2781 versibus
753 2742 990 2797 descripsit,
1009 2757 1118 2798 quae
1136 2757 1222 2781 nno
1243 2741 1642 2797 comprehendenda
1673 2748 1803 2782 erant.
1865 2739 2057 2780 Verbum
2088 2739 2183 2780 Ele
2197 2741 2411 2781 utheria

57 2806 186 2845 semel
220 2816 434 2861 practerea
466 2812 506 2849 in
540 2811 671 2853 Stich.
702 2816 742 2865 3,
773 2815 813 2865 2,
840 2816 892 2853 21
925 2814 1094 2869 legitur,
1120 2814 1241 2853 (leam
1273 2814 1480 2854 libertatis
1519 2812 1764 2867 significans
1792 2820 1832 2851 et
1859 2821 2077 2852 accentum
2108 2813 2150 2851 in
2183 2819 2410 2868 antepaen—

60 2877 203 2919 ultima
238 2880 412 2930 babens,
445 2899 569 2938 quem
600 2892 638 2924 et
669 2885 736 2924 bie
769 2901 862 2925 esse
887 2886 1119 2926 verisimile
1147 2894 1222 2926 est.
1295 2885 1405 2926 Hinc
1446 2885 1564 2941 prior
1601 2900 1697 2941 pars
1730 2884 1853 2923 buius
1897 2885 2031 2925 trocb.
2075 2892 2169 2925 tetr.
2216 2893 2316 2925 arat.
2359 2886 2413 2925 ita

61 2951 276 2993 recitanda
308 2961 394 2993 est:

463 3025 642 3067 Basilice
674 3033 785 3082 agito
818 3028 1073 3069 Eleutheria.
1135 3029 1247 3081 Quid
1280 3030 1389 3070 iam‘?

56 3097 121 3134 eui
153 3096 304 3136 rationi
337 3112 437 3137 sane
466 3098 604 3140 obstat
636 3107 676 3140 et
708 3101 1110 3156 proceleusmaticus
1138 3102 1179 3141 in
1212 3102 1346 3157 prima
1373 3103 1472 3142 sede
1500 3117 1576 3157 pro
1609 3102 1809 3141 trochaeo
1848 3100 2011 3155 positus
2044 3107 2084 3138 et
2113 3099 2313 3139 insolitus
2349 3111 2413 3139 ac-

59 3174 205 3207 centus
248 3172 413 3223 agito:
446 3178 676 3227 utrumque
716 3180 856 3214 tamen
883 3174 1078 3214 consulto
1112 3174 1285 3214 Plautus
1318 3173 1555 3214 instituisse
1588 3181 1743 3228 potest,
1779 3178 1823 3211 ut
1864 3171 2052 3210 numeris
2093 3186 2263 3227 quoque
2297 3171 2415 3210 ess're-

61 3248 152 3280 nata
190 3242 353 3283 servilis
394 3242 529 3283 libido
570 3245 877 3299 exprimeretur
912 3246 1174 3301 paratissima
1206 3246 1256 3286 ad
1298 3245 1531 3301 potandum
1558 3244 1958 3299 comissanduinque
1980 3259 2051 3283 cro
2071 3242 2260 3283 absente.
2337 3241 2415 3282 Cui
