2574 3524
1317 115 1386 170 19

181 267 260 307 tori
292 267 570 323 relinquenda
603 276 689 310 est:
720 267 799 307 nisi
831 267 941 307 enim
974 274 1236 320 compertum
1267 265 1481 315 habueris,
1531 274 1636 321 quot
1680 266 1916 307 litterarum
1957 267 2009 306 sit
2049 268 2196 307 lacuna
2236 269 2277 307 in
2317 275 2371 309 Δ.
2423 270 2525 310 nihil

182 338 262 378 nisi
294 339 635 379 liallncinaberis.

381 409 503 464 Epid.
533 412 574 457 2,
609 413 645 461 l,
678 413 744 450 96.
777 412 829 448 97
863 409 942 449 iam
977 408 1172 449 Weisius
1204 410 1404 451 correxit.

181 480 238 519 ib.
279 483 344 521 99.
379 479 475 519 Non
508 488 688 536 possunt
721 497 741 519 a
773 479 921 518 Plauto
955 481 1056 520 bace
1087 481 1280 521 venisse:

585 551 815 604 him-igituir
846 551 1038 590 amota-ci
1073 551 1153 590 crit
1183 552 1322 591 omnis
1362 553 1616 593 consultatio

180 638 255 662 nec
285 623 398 662 cnim
432 623 570 663 hiatus
613 638 689 661 nec
724 622 897 676 igitur
937 623 1144 676 producta
1187 623 1297 663 linali
1341 623 1500 677 syllaba
1531 623 1752 664 Plautinae
1779 627 1859 666 arti
1894 629 2117 668 ‹rom-enit:
2160 627 2431 669 scribendum
2465 638 2523 669 est

178 702 245 734 ant
277 694 375 733 isim
407 693 579 748 igitur
609 697 816 734 remota
846 694 891 732 ri
926 694 1113 745 suci-it,
1145 703 1212 734 ant
1246 695 1341 734 isim
1383 694 1559 749 igitur
1591 696 1637 735 ci
1664 701 1842 737 amota
1876 697 2060 737 suerit.
2138 698 2187 738 Et
2232 700 2407 740 l'nerit
2443 702 2525 742 iam

178 764 494 805 Lindi-mannus
527 768 777 806 coniecerat.

589 835 664 891 Ep.
698 840 736 879 -l,
770 840 807 881 1.
839 839 905 877 25.
966 837 1128 892 Edepol
1161 853 1239 877 nae
1272 838 1392 878 istam
1424 841 1614 893 tempore
1646 842 1773 893 gnato
1805 847 1876 879 tuo
1908 856 2051 879 snmus
2082 844 2354 895 praemere-:iti

174 908 346 962 gravius
381 909 579 947 mendum
616 908 800 948 insidere
830 908 1018 953 xidrtnrg
1056 917 1100 948 ut
1142 910 1255 948 enim
1298 910 1532 965 tempori
1575 910 1698 950 facilc
1734 918 1795 950 est
1836 911 1886 951 ad
1919 914 2242 952 restitui-iulum.
2276 915 2330 954 ita
2366 916 2524 956 hiatum

175 980 242 1019 vix
275 979 482 1035 probabili
510 980 674 1019 ratione
705 981 796 1019 sine
828 980 1019 1020 codicum
1051 996 1131 1035 ope
1163 996 1398 1022 removeas,

379 1051 433 1090 ib.
465 1053 504 1101 -1,
535 1053 575 1102 2,
604 1055 657 1092 27
688 1051 879 1092 Lindi-m,
913 1051 1164 1093 emendavit.
1224 1055 1264 1105 4,
1297 1056 1336 1104 3,
1369 1056 1418 1093 31
1453 1052 1594 1093 Bothii
1636 1055 1743 1095 ratio
1783 1054 1923 1095 laeobi
1957 1056 2189 1111 scripturae
2223 1061 2520 1113 prat-ponenda

176 1123 351 1163 videtur.
411 1122 472 1163 il),
500 1137 537 1162 v.
569 1126 621 1162 -Η
653 1123 816 1163 scribe:

580 1190 824 1252 A‘ccnravit,
855 1205 901 1240 i'it
933 1202 968 1240 is
999 1200 1050 1242 ad
1082 1200 1183 1241 alias
1215 1203 1282 1240 res
1315 1208 1379 1240 est
1409 1200 1600 1256 impense
1630 1202 1851 1258 improbus

175 1271 269 1312 libri
299 1272 344 1311 is
377 1272 436 1312 ad
462 1272 675 1313 omittunt.
710 1273 764 1312 ib.
794 1276 835 1323 5,
869 1277 906 1325 1,
938 1276 1013 1313 ⁴3:

579 1344 722 1396 Quid?
753 1360 831 1399 ego
865 1345 991 1385 modo
1024 1345 1118 1385 huie
1145 1345 1275 1384 srziter
1304 1344 1454 1396 factus,
1487 1344 1586 1384 dum
1616 1348 1727 1386 intro
1761 1361 1811 1387 eo
1842 1348 2131 1402 atque-exeo?

175 1415 392 1472 posterior
432 1430 529 1470 pars
569 1415 804 1455 restituitur
844 1416 1006 1456 inserto
1048 1432 1170 1471 ego:
1211 1416 1311 1455 di'nn
1353 1432 1431 1471 ego
1473 1417 1641 1457 introeo
1682 1425 1809 1474 atque
1850 1423 1971 1458 exeo.
2051 1419 2297 1474 Aliquoties
2339 1421 2518 1465 lacobus

173 1488 331 1528 hiatum
365 1487 524 1537 statuit,
557 1486 629 1526 nbi
661 1501 759 1528 vera
792 1488 1018 1527 scansione
1051 1487 1241 1529 adhibita
1274 1489 1418 1529 nullus
1451 1489 1632 1529 adesset.
1696 1489 1793 1542 Quo
1825 1491 1867 1531 in
1897 1506 2053 1545 genere
2084 1492 2164 1530 ium
2196 1491 2388 1534 Lindem.
2423 1498 2523 1537 xidit

173 1564 211 1612 l,
242 1561 283 1612 2,
314 1561 369 1599 ⁴2
400 1566 441 1598 et
470 1561 511 1610 2,
543 1563 582 1610 l,
614 1561 692 1599 121
727 1559 789 1598 im
804 1558 918 1599 bita
932 1576 965 1598 s.
995 1560 1176 1600 abitas
1208 1560 1534 1615 praennltimam
1571 1560 1827 1616 producere,
1866 1578 1976 1618 quae
2015 1563 2245 1618 corripitur
2278 1568 2385 1621 apud
2412 1568 2522 1609 laco-

170 1632 294 1683 bum,
326 1633 366 1682 2,
395 1632 435 1678 2,
468 1633 559 1670 102.
594 1633 686 1671 107.
716 1634 757 1683 -l,
787 1633 827 1681 2,
857 1634 910 1669 53
952 1631 1205 1687 suspicio
1247 1640 1291 1672 ut
1321 1647 1491 1687 semper
1522 1633 1632 1688 apud
1665 1635 1851 1674 comicos
1889 1634 2014 1688 longa
2055 1638 2409 1690 antepaennltinm
2451 1656 2521 1696 po-

171 1703 358 1743 nendum
391 1709 493 1741 erat.
555 1702 650 1742 Huc
680 1703 864 1756 pertinet
894 1704 934 1753 2,
965 1704 1005 1753 2,
1037 1706 1113 1742 35:

578 1763 628 1812 l-'Jt
659 1788 752 1812 cum
784 1789 830 1813 ea
865 1772 1059 1811 tibicinae
1089 1772 1208 1811 ibant
1237 1778 1431 1827 quatuor.
1487 1787 1528 1818 P,
1556 1766 1980 1829 quicum-Epidiee‘?

169 1845 238 1884 ubi
270 1859 357 1883 non
389 1842 580 1882 meminit
611 1842 801 1895 lacobus,
834 1851 1068 1899 quatuor
1100 1843 1277 1899 primam
1305 1844 1553 1899 productam
1586 1844 1744 1885 habere
1771 1853 1815 1885 ut
1847 1845 1978 1887 Μαι-ο.
2011 1850 2050 1891 ⁴,
2082 1851 2119 1887 1.
2152 1851 2192 1888 7.
2251 1848 2450 1893 Baceliid.
2479 1856 2519 1893 2,

169 1920 209 1968 3,
236 1918 304 1956 21.
365 1915 576 1970 Amphitr.
612 1917 719 1965 1,‘l-‚
754 1918 845 1954 1⁴7.
886 1918 979 1955 150.
1042 1915 1212 1956 Cnreul.
1246 1917 1286 1967 2,
1316 1918 1356 1966 3,
1387 1917 1454 1956 78.
1525 1915 1667 1957 Semel
1698 1924 1859 1958 tantum
1890 1918 1997 1958 dnae
2036 1920 2296 1974 posteriores
2336 1926 2519 1979 synizesi

166 1987 210 2029 in
238 2002 366 2028 uuam
397 1986 600 2042 syllabam
635 1994 790 2027 coeunt
820 1985 1004 2026 Mostell.
1039 1989 1078 2037 3,
1113 1991 1150 2038 l,
1184 1990 1262 2026 117

690 2046 736 2059 Α

572 2069 755 2119 quatuor
788 2064 1067 2120 qnadraginta
1098 2063 1156 2103 illi
1188 2063 1398 2104 debentur
1426 2065 1578 2115 minae.

572 2136 695 2191 Epid.
728 2140 768 2188 5,
799 2140 838 2187 1,
868 2138 934 2176 52.
997 2134 1226 2191 Siippetias
1257 2137 1359 2176 mihi
1390 2140 1484 2176 ci'nn
1514 2152 1664 2178 sorore
1695 2137 1821 2180 ferre.
1862 2151 1918 2186 St.
1946 2139 2217 2181 facile-istnc
2258 2143 2351 2184 erit,

170 2211 329 2252 hiatum
356 2208 503 2249 maluit
536 2208 693 2248 inferre
725 2207 904 2249 lacobus
936 2222 1063 2263 quam
1097 2208 1287 2248 ultimam
1318 2209 1362 2249 in
1400 2210 1545 2250 istuc
1578 2209 1830 2265 producere,
1864 2226 1972 2266 quae
2010 2213 2167 2269 corripi
2205 2215 2374 2270 nequit:
2416 2218 2517 2257 reci-

169 2282 343 2323 tandum
373 2281 501 2337 igitur
533 2280 701 2321 facile
731 2281 801 2320 ist
820 2283 880 2320 ne
911 2280 1028 2331 erit,
1058 2287 1099 2319 et
1129 2281 1302 2334 agnovit
1332 2282 1424 2337 ipse
1458 2281 1638 2322 lacobus
1669 2296 1812 2322 veram
1842 2283 2052 2323 rationem
2078 2286 2117 2326 ⁶2.
2150 2287 2190 2337 2,
2219 2287 2272 2326 24
2303 2292 2421 2328 sein
2464 2297 2517 2330 tu

168 2355 346 2395 isti'ic‘?
378 2354 511 2395 seio.
541 2354 758 2408 -Atque
790 2353 892 2393 haec
919 2352 970 2392 de
1000 2352 1196 2408 Epidico,
1229 2368 1413 2408 quorum
1445 2354 1653 2409 permulta
1685 2354 1720 2394 si
1752 2354 1846 2411 quis
1867 2355 1985 2410 parvi
2017 2357 2220 2397 momenti
2253 2373 2347 2399 esse
2376 2361 2516 2402 existi-

167 2433 266 2478 met,
296 2425 330 2465 is
361 2424 614 2477 meminerit,
646 2425 787 2474 toties,
822 2431 869 2464 ut
901 2439 996 2463 cum
1024 2423 1172 2464 Plauto
1202 2425 1371 2481 loquar,
1404 2426 1560 2481 longos
1580 2426 1648 2466 vel
1674 2426 1726 2466 de
1752 2426 1937 2466 minimis
1967 2427 2094 2468 rebus
2123 2444 2344 2470 sermones
2375 2440 2516 2473 texen-

168 2497 246 2537 dos
266 2511 374 2542 csse,
394 2497 563 2552 quoties
586 2497 712 2536 iidem
736 2510 902 2536 errores
925 2502 1161 2536 recurrant.
1205 2495 1291 2536 Sed
1316 2497 1559 2552 prosodiam
1579 2497 1815 2539 plautinam
1834 2514 1993 2555 paucos
2021 2508 2136 2540 recte
2157 2516 2321 2556 sapere,
2346 2518 2433 2543 non
2455 2514 2515 2544 est

172 2568 339 2620 mirum,
371 2568 468 2624 qnia
499 2569 588 2608 eins
623 2568 810 2623 cognitio
844 2576 883 2608 et
909 2569 1081 2609 multam
1101 2568 1329 2609 lectionem
1359 2569 1539 2625 requirit
1572 2577 1611 2610 et
1629 2569 1728 2610 libri
1746 2571 1993 2626 prosodiam
2022 2573 2283 2612 comicorum
2315 2574 2516 2616 docentes

172 2640 208 2680 si
238 2640 400 2695 excipis
433 2639 615 2680 Bentleii
649 2647 691 2679 ct
722 2640 958 2680 Hermanni
985 2640 1248 2696 praeclaram
1290 2655 1477 2696 operam,
1506 2642 1771 2696 gravissimis
1804 2650 1844 2683 et
1873 2642 2142 2684 creberrimis
2180 2645 2397 2686 erroribus
2430 2662 2515 2687 sca—

167 2718 284 2752 tent:
317 2712 447 2752 multo
480 2712 612 2766 magis
643 2712 725 2752 hoc
755 2713 939 2764 mireris,
971 2713 1015 2752 in
1038 2712 1176 2753 Plauti
1206 2712 1503 2753 emendatione
1532 2714 1600 2754 vel
1629 2713 1884 2763 tritissimas,
1927 2729 2034 2769 quas
2066 2715 2251 2770 vulgaris
2283 2733 2350 2757 ars
2381 2733 2514 2772 gram-

166 2783 317 2823 matica
350 2783 557 2838 praecipit
598 2772 781 2837 reg-uias,
812 2785 1028 2839 ignoratas
1058 2785 1123 2824 vel
1153 2784 1299 2839 potius
1330 2799 1418 2824 uon
1450 2784 1659 2825 adhibitas
1686 2800 1795 2837 esse,
1842 2786 2044 2841 quoniam
2081 2787 2124 2826 in
2164 2787 2360 2828 Plautina
2391 2792 2498 2831 orati

167 2869 249 2894 one
278 2854 381 2894 nihil
412 2870 499 2894 non
531 2855 752 2896 tolerabile
783 2856 1066 2896 existimatum
1098 2863 1174 2895 est.
1230 2854 1304 2896 Sic
1333 2857 1503 2911 pueruli
1534 2857 1670 2896 nostri
1701 2856 1836 2912 probe
1869 2864 2029 2898 tenent.
2062 2858 2262 2898 formulas
2289 2858 2335 2907 id>
2366 2859 2515 2912 ῗόηηῐε,

166 2937 280 2968 menn
313 2925 359 2967 ἰά)
390 2925 540 2974 Έὸηηῐε,
575 2934 670 2978 etc„
703 2941 811 2981 quae.
843 2943 923 2967 nos
956 2935 999 2967 ut
1030 2926 1212 2982 cogitata
1239 2928 1455 2984 ponimus,
1485 2928 1636 2969 Latina
1668 2935 1712 2967 ut
1744 2943 1842 2969 vera
1873 2937 1911 2968 et
1944 2937 2056 2968 certa
2090 2930 2290 2983 cogitant,
2324 2930 2512 2972 indicati-

171 3012 271 3036 vum
304 2997 475 3037 modum
508 2998 551 3036 in
582 2998 716 3037 latino
750 3014 946 3039 sermone
978 2998 1214 3053 requirere.
1262 2997 1552 3039 Nihilominus
1584 3000 1628 3039 in
1658 3000 1838 3053 vulgatis
1865 3001 1999 3041 Plauti
2019 3000 2283 3040 editionibus
2308 3016 2395 3041 non
2418 3018 2514 3043 raro

167 3069 464 3108 coniunctivns
483 3069 653 3124 legitur,
674 3071 751 3110 etsi
773 3070 941 3110 codices
960 3078 1123 3110 tantum
1143 3084 1231 3108 non
1249 3068 1408 3125 ubique
1439 3070 1712 3110 indicativum
1742 3072 2026 3126 suppeditant.
2072 3071 2201 3122 Quod
2230 3080 2274 3112 nt
2303 3083 2513 3128 appareat.

165 3140 242 3180 hos
261 3155 413 3181 versus
447 3156 639 3197 appono:
673 3143 841 3183 Asinar.
875 3145 916 3194 ὃ,
946 3145 988 3187 2,
1019 3144 1086 3182 36.
1121 3140 1281 3197 Captiv.
1316 3143 1355 3193 l,
1386 3143 1426 3194 2,
1445 3144 1512 3184 29.
1547 3141 1642 3182 Cas.
1665 3143 1705 3181 2.
1728 3144 1769 3189 8,
1788 3145 1853 3183 68.
1888 3142 2012 3184 cure.
2031 3145 2070 3182 2.
2090 3146 2129 3182 3.
2147 3146 2211 3183 49.
2230 3147 2268 3186 5„
2290 3146 2414 3190 3,23.
2449 3146 2512 3186 Ci-

2260 3217 2309 3253 3*
