2563 3546
1155 105 1224 158 10

409 255 501 296 Hoc
533 254 748 296 Herculist
779 255 875 305 iam,
907 253 1088 293 Veneris
1116 253 1259 294 sanum
1292 254 1406 309 qnod
1437 255 1528 294 suit.

11 326 185 367 Praeter
216 326 403 366 subsidia
435 327 486 368 ab
518 327 679 367 Ottone
712 333 913 379 congesta
944 325 994 365 ef.
1029 325 1154 364 etiam
1183 324 1321 365 Varro
1352 326 1404 364 de
1436 326 1482 365 L.
1512 325 1561 366 L.
1595 324 1668 364 Vll
1700 341 1738 380 p.
1771 327 1853 365 110
1890 326 1955 367 ed.
1996 325 2167 383 Bipont.
2201 334 2242 369 et
2271 329 2361 372 {Reiz

11 398 96 453 ftg’ss
128 400 390 452 {Borlesungen
422 415 460 454 p.
499 401 572 437 111
607 407 646 437 et
676 405 763 437 not.
804 398 897 436 120.
972 395 1126 435 Persae
1168 395 1300 450 igitur
1339 412 1509 436 xersum
1551 397 1671 437 saeile
1716 397 1965 451 intelligitur
2004 414 2099 437 csse
2138 400 2362 440 iambicum

13 477 104 509 tetr.
139 478 258 513 aean,
292 471 440 524 quales
473 478 511 509 et
543 469 726 523 proximi
755 475 868 520 sunt,
900 468 1120 523 primaque
1151 476 1269 522 parte
1298 468 1464 523 integra
1494 470 1536 508 in
1569 468 1651 508 line
1683 469 1846 524 aliquid
1877 469 2126 522 desiderari,
2159 472 2275 526 quod
2305 472 2364 511 sic

17 542 104 580 sere
140 541 364 580 restituere
397 540 560 595 possis:

221 628 442 682 Superaxit
473 631 685 666 aerumnis
717 628 805 667 suis
838 632 1062 668 aerumnas
1094 627 1267 669 Herculi
1298 628 1489 667 [inclutas.

221 714 257 736 v.
290 702 341 737 13
373 697 508 752 ang:
535 700 640 751 Quis
673 699 760 740 illic
793 708 856 740 est
889 701 963 756 qui
987 704 1130 742 contra
1162 716 1227 740 me
1260 701 1396 740 astat?
1426 698 1508 738 To.
1543 703 1637 754 quis
1670 699 1736 739 bic
1768 707 1831 739 est
1863 699 1936 754 qni
1968 702 2113 740 eontra
2135 715 2200 739 me
2232 700 2367 739 astat?

18 785 110 809 cum
143 769 252 809 biatu
285 778 380 809 aute
412 778 644 811 extremum
677 772 826 827 pedem
858 771 1134 815 intolerabili,
1163 787 1290 827 quem
1320 771 1457 811 &Veis
1494 771 1626 810 forma
1660 771 1774 809 med
1814 786 2035 810 removere
2078 779 2254 810 eonatns
2290 778 2366 810 est.

18 839 101 879 Sed
136 855 228 880 eum
260 846 317 878 1-).5
359 858 434 881 me
472 851 664 882 contra
696 843 908 889 exhibeat,
950 851 1130 898 praestat
1162 843 1371 883 scribere:
1414 847 1507 897 quis
1541 843 1635 881 istic
1666 850 1726 881 est
1758 843 1830 897 qui
1863 846 1928 882 me
1960 850 2106 881 eontra
2139 842 2275 882 astat?
2316 842 2366 881 el'.

17 910 137 966 Epid.
172 915 211 963 4,
240 914 279 952 2.
309 916 332 951 4
359 919 451 968 quis·
494 914 624 953 istaec
654 922 716 954 est
747 931 870 970 quam
903 922 945 955 tu
977 916 1169 955 osculum
1202 915 1302 954 mihi
1345 914 1456 953 ferre
1499 914 1651 953 iubes?
1716 914 1881 953 Excidit
1924 914 2058 968 igitur
2098 913 2260 968 syllaba
2299 912 2370 952 ist

23 991 117 1037 post
149 983 271 1038 quis
304 993 343 1024 et
373 987 519 1025 eadem
552 985 785 1026 scribarum
819 987 1076 1042 negligentia
1105 986 1255 1027 Plauto
1289 986 1425 1025 obfuit
1450 974 1576 1040 quam
1606 1001 1733 1040 supra
1764 986 1808 1024 in
1840 985 1965 1039 Epid.
2000 987 2038 1029 1.,
2072 988 2110 1036 l,
2141 987 2196 1024 27
2220 984 2369 1039 depre-

21 1054 257 1096 hendimus,
317 1056 597 1097 Noun-rorum
631 1058 874 1098 unitationis
906 1059 1128 1111 (iambicos
1161 1059 1271 1097 enim
1303 1057 1752 1113 excipiunt-troclnaiei
1783 1056 2010 1107 octonarii)
2054 1071 2177 1096 causa
2203 1063 2267 1096 est
2299 1071 2371 1112 po-

21 1125 98 1166 sita
127 1126 169 1165 in
202 1137 346 1168 mutuo
380 1129 579 1184 adspectu
613 1130 802 1184 indeque
833 1131 991 1171 variato
1026 1131 1238 1170 sermonis
1271 1130 1429 1170 colore.

427 1221 463 1245 v.
498 1209 562 1246 15,
591 1205 715 1260 Vulg.
761 1220 830 1254 To,
873 1197 912 1247 ls
943 1215 1004 1247 cst
1037 1207 1245 1262 profecto.
1279 1219 1343 1251 Sa,
1399 1205 1506 1245 Eum
1539 1210 1633 1244 esse
1667 1205 1836 1259 opinor.
1869 1217 1937 1250 To,
1987 1203 2253 1259 congrediar.
2311 1216 2370 1248 Sa,

1572 1278 1974 1332 contra-agg·1111diar.

21 1361 113 1386 cum
146 1347 259 1386 biatu
297 1348 487 1389 Plautina
519 1357 605 1389 arte
638 1364 724 1388 non
757 1350 895 1389 miuus
927 1350 1101 1404 indigno
1135 1366 1257 1405 quam
1287 1364 1410 1405 quem
1444 1349 1569 1388 modo
1602 1349 1864 1388 sustulimus.
1924 1347 2076 1403 Neque
2109 1349 2150 1386 in
2185 1355 2379 1402 transpo-

25 1417 177 1457 sitione
212 1419 266 1459 Ἃ
277 1420 367 1459 ei³ii
403 1421 697 1475 aggrediar
756 1430 949 1462 eontra
991 1422 1056 1462 bie
1095 1422 1452 1477 acquu³c1udum
1496 1420 1651 1461 iudico
1696 1420 1868 1475 quando
1919 1419 2120 1459 unanimo
2165 1432 2379 1457 consensu

24 1494 156 1551 Mssp
190 1495 292 1537 ΘΞ5
325 1498 678 1552 congredior,
708 1499 824 1554 quod
856 1500 933 1539 etsi
965 1515 1050 1539 non
1080 1499 1213 1553 magis
1244 1514 1391 1538 verum
1419 1504 1496 1548 est,
1530 1504 1671 1535 tamen
1703 1496 1753 1535 ad
1786 1511 1935 1536 verum
1967 1495 2096 1535 ducit.
2130 1494 2236 1535 Cum
2268 1495 2380 1534 enim

28 1567 167 1607 futuro
196 1584 302 1623 opus
336 1569 404 1621 sit,
438 1571 734 1625 aggrediar
773 1577 914 1612 autem
952 1588 974 1611 a
1012 1570 1239 1611 memoriae
1279 1570 1360 1610 fide
1402 1584 1489 1608 nou
1523 1583 1781 1622 magnopere
1814 1568 1966 1608 habeat
1997 1583 2082 1622 quo
2115 1566 2381 1606 commende·

27 1647 108 1690 tur,
159 1641 368 1695 suspicor„
429 1642 623 1682 Plautum
662 1643 830 1683 dedisse
883 1642 1276 1697 congredibor,
1321 1640 1569 1697 praesertim
1624 1655 1718 1678 cum
1764 1648 1804 1678 et
1849 1639 1949 1679 alibi
1991 1640 2071 1677 hoc
2113 1638 2291 1677 verbum
2331 1638 2382 1678 ad

27 1718 215 1766 quartam
243 1712 587 1767 eoniugatiouem
618 1714 797 1753 flexerit.
858 1715 1162 1768 Aggrediri
1195 1714 1351 1766 legitur
1382 1712 1560 1751 Trucul.
1591 1713 1633 1761 2,
1665 1715 1706 1759 ’7,
1735 1716 1759 1749 9
1792 1716 1908 1761 (cum
1938 1712 2019 1760 Θ5>
2050 1717 2089 1748 et
2122 1709 2180 1749 ib.
2212 1725 2324 1750 vers,
2357 1711 2382 1747 7

29 1784 279 1835 (seeundum
313 1787 397 1839 Ap,
429 1786 501 1839 qui
531 1785 871 1839 aggrediari„
904 1785 1021 1839 quod
1053 1783 1191 1824 scriba
1223 1783 1264 1821 in
1298 1785 1356 1821 Θ5
1389 1782 1561 1821 mutavit
1595 1781 1639 1819 in
1680 1780 1996 1833 aggrediar.
2072 1779 2234 1820 Parcus
2266 1794 2317 1818 ex
2350 1779 2386 1817 Θ

29 1855 208 1895 afferens
253 1856 540 1909 aggrediri
590 1857 779 1907 fallitur).
823 1855 953 1896 Merc.
998 1857 1039 1907 2,
1091 1857 1129 1905 1,
1173 1856 1239 1894 2⁴.
1302 1854 1412 1893 liud.
1459 1856 1499 1903 3,
1550 1856 1584 1903 1,
1636 1854 1685 1890 19
1728 1858 1842 1902 (cum
1888 1852 1970 1901 &53
1999 1851 2239 1906 posteriore
2287 1850 2383 1889 loeo

32 1935 94 1974 Ξ5
124 1947 290 1986 388·ιίι
306 1932 454 1987 dier).
525 1934 880 1987 aggredimur
914 1932 1085 1972 Asinar.
1119 1934 1158 1974 3,
1190 1934 1230 1981 3,
1259 1932 1326 1970 90.
1389 1930 1501 1970 le.
1531 1932 1573 1975 2„
1608 1932 1645 1979 1,
1681 1931 1744 1968 10.
1829 1927 2177 1981 Congrediri
2222 1927 2388 1967 numeri

34 2005 306 2059 expostulant
337 2006 480 2045 Aulul.
508 2008 549 2057 2,
578 2008 619 2048 2,
645 2008 698 2045 70
727 2005 804 2045 etsi
835 2005 878 2044 in
908 2003 1044 2058 Mssp.
1079 2010 1141 2042 est
1172 2017 1309 2056 cong·
1327 2001 1460 2041 redi.
1510 2016 1568 2056 pr
1581 2015 1677 2054 ogr
1692 1998 1841 2038 ediri
1871 1998 1966 2038 Cas.
1998 2001 2037 2050 5,
2069 2002 2107 2050 1,
2132 2001 2157 2037 9
2184 2007 2221 2038 et
2256 2014 2276 2038 a
2309 1999 2389 2039 Bo-

37 2077 121 2116 thio
154 2085 268 2116 reete
306 2077 491 2132 positum
519 2078 561 2117 in
590 2076 851 2118 Menaeehm.
884 2079 924 2127 5,
954 2077 995 2127 2,
1026 2077 1065 2114 2.
1117 2089 1247 2129 regr
1261 2073 1380 2113 edir
1394 2089 1415 2113 e
1466 2076 1555 2128 (Ap
1606 2073 1680 2112 deo
1660 2070 1859 2127 gredere)
1898 2077 2076 2110 metrum
2115 2070 2390 2110 bacchiacum

36 2149 225 2204 postulat
257 2149 353 2189 (Ias.
387 2152 427 2200 3,
459 2152 498 2200 5,
530 2152 598 2190 -10,
659 2149 774 2200 Quin
807 2157 846 2188 et
879 2149 1015 2203 ipsum
1055 2147 1246 2186 futurum
1287 2160 1466 2199 congr
1479 2144 1679 2184 edibor
1720 2142 2007 2182 neeessalium
2040 2150 2102 2182 est
2132 2141 2317 2182 Mostell.
2352 2145 2392 2185 3

36 2223 76 2271 2,
105 2225 158 2261 96
191 2229 231 2261 et
263 2221 439 2262 Poennl.
473 2225 512 2273 3,
545 2224 584 2269 4,
617 2223 670 2260 32
700 2222 814 2261 soriis
844 2219 1040 2275 egredier
1058 2218 1180 2258 video
1202 2218 1399 2258 lenonem
1420 2216 1596 2272 Lycum,
1622 2222 1805 2271 praestat
1836 2214 2082 2268 egrediri
2124 2214 2259 2267 (foras
2297 2229 2391 2269 pyr-

40 2294 189 2333 rhichii
220 2294 313 2334 loeo
346 2298 428 2345 (·51)
461 2293 628 2333 restitui
659 2308 784 2348 quam
816 2293 963 2333 Plauto
996 2290 1238 2332 inusitatam
1270 2289 1408 2329 medio
1440 2304 1564 2328 versu
1604 2286 1798 2327 infinitivi
1841 2286 2018 2325 sormam
2058 2286 2233 2337 inferre,
2276 2301 2393 2340 prae-

41 2366 183 2406 sertim
211 2381 304 2405 cum
333 2365 430 2405 libri
466 2365 765 2421 suippe-:diunt
813 2363 1157 2419 egredictur,
1200 2362 1315 2417 quod
1357 2376 1408 2400 ex
1459 2361 1566 2400 male
1615 2358 1831 2399 intellecto
1872 2357 2089 2397 scribendi
2140 2357 2395 2412 compendio

45 2445 183 2477 ortum
208 2445 284 2477 est.
346 2436 431 2477 Sed
462 2437 632 2479 Asinar
664 2440 704 2487 3,
736 2439 776 2488 3,
806 2438 860 2475 24
893 2434 965 2474 ubi
999 2435 1039 2474 in
1073 2434 1202 2488 Χι118
1236 2448 1368 2488 agg-1
1383 2432 1536 2472 edire
1569 2438 1649 2483 est,
1683 2429 1845 2470 scribe:

453 2509 588 2550 Etiam
620 2516 679 2561 tu,
713 2524 799 2559 ere,
832 2509 972 2547 istunc
1000 2522 1169 2547 ammes
1202 2505 1275 2545 abs
1307 2512 1347 2544 te
1373 2509 1497 2559 atque
1529 2518 1595 2543 me
1627 2503 1718 2557 ipse
1748 2500 1997 2556 aggredere.

250 2582 304 2622 lta
338 2582 449 2621 enim
477 2581 745 2636 APall.sexp.
779 2580 863 2620 nisi
896 2579 1011 2635 quod
1043 2579 1163 2634 ipsc
1196 2592 1269 2617 me
1302 2576 1517 2627 exhibent,
1553 2575 1670 2630 quod
1711 2588 1797 2613 non
1831 2579 1917 2612 erat
1948 2571 2232 2612 retinendum.

452 2669 489 2694 v.
522 2656 588 2694 19.
639 2665 699 2698 Sa.
739 2652 875 2693 'Nimis
905 2653 1033 2693 stulte
1064 2649 1211 2692 amieis
1245 2655 1377 2689 1‘1tere.
1426 2659 1494 2693 To.
1530 2646 1633 2702 quid
1664 2645 1778 2686 iam‘?
1838 2655 1899 2688 Sa,
1955 2644 2054 2699 quia
2085 2644 2165 2683 iam
2191 2642 2401 2698 imperare

1830 2722 2000 2771 oportet

49 2797 166 2837 solus
198 2796 377 2838 Botliius
409 2813 554 2837 *erum
572 2797 690 2848 vidit,
722 2812 816 2836 eum
848 2796 1048 2851 languida
1072 2793 1202 2833 verba
1234 2808 1260 2848 q
1275 2792 1363 2832 uia
1405 2791 1503 2831 iam
1535 2797 1607 2829 aut
1637 2788 1806 2843 gemina
1833 2787 2068 2842 scriptione
2101 2793 2169 2826 aut
2195 2785 2399 2839 interpre-

52 2869 209 2909 tatione
239 2877 328 2910 orta
360 2869 565 2910 eiicienda
596 2876 808 2908 censeret:
861 2867 1055 2910 VVeisius
1089 2865 1247 2904 frustra
1292 2864 1419 2919 quia
1456 2869 1609 2902 tuetur.
1687 2859 1855 2899 Primus
1899 2858 2011 2898 enim
2048 2864 2146 2912 post
2185 2870 2404 2896 caesuram

457 2931 491 2966 ‚f
541 2933 567 2955 N
1187 2925 1216 2950 f
1269 2926 1294 2949 N
1703 2947 1711 2955 .
1743 2947 1752 2955 .
1884 2946 1893 2954 .
2130 2945 2139 2953 .
2175 2944 2184 2952 .

56 2972 131 3012 pes
175 2965 238 2997 est
283 2974 309 3013 q
323 2957 412 2997 uid
456 2957 558 2997 iam
590 2961 652 2996 im
667 2972 705 3012 p.
711 2987 722 3008 ,
753 2971 840 2996 non
873 2955 1003 3012 quid
1034 2954 1132 2993 iam
1163 2970 1190 3009 q
1205 2969 1292 2993 uia
1321 2956 1434 3006 imp.
1495 2949 1579 2990 Sed
1609 2947 1823 2998 Weisius7
1853 2962 1895 2986 ul
1928 2945 2066 2991 fallor„
2100 2944 2203 2984 mlul
2235 2943 2406 2983 obstare.

58 3036 171 3068 ratus
202 3029 435 3085 quominus
468 3036 644 3084 quartus
661 3044 736 3084 pes
758 3043 845 3067 non
876 3041 1010 3083 purus
1045 3032 1172 3075 esset,
1200 3024 1330 3064 invita
1351 3030 1391 3063 et
1424 3020 1561 3062 Plauti
1593 3027 1634 3060 et
1652 3018 1847 3059 Terentii
1880 3025 1967 3058 arte
1997 3015 2130 3071 pedes
2175 3015 2233 3055 sic
2265 3014 2407 3068 dispe-

57 3119 186 3156 seuit:
208 3123 324 3159 utere
342 3118 442 3173 quid
474 3095 480 3173 l
512 3119 591 3158 iam
625 3115 723 3172 quia
753 3120 851 3171 imp.
925 3113 1058 3166 Quasi
1099 3128 1199 3153 xero
1243 3113 1320 3152 hae
1361 3109 1562 3150 minutiae
1595 3107 1700 3147 disci
1744 3122 1829 3147 non
1871 3110 2048 3160 possent
2089 3118 2141 3142 ex
2174 3099 2408 3141 Hermann}

58 3190 223 3244 scriptis
258 3191 323 3231 vel
355 3206 405 3231 ex
436 3189 620 3230 Bentleii
652 3189 701 3229 ad
733 3187 984 3228 Terentium
1016 3182 1387 3227 annotationibus!
1448 3180 1717 3234 Quamquam
1749 3185 1792 3218 ut
1834 3191 1946 3216 nnnc
1989 3181 2087 3214 sunt
2128 3181 2317 3227 tempora
2360 3169 2411 3210 ad
