2563 3546
1197 138 1269 192 18

65 288 124 328 tio
157 287 375 340 satisfacit,
407 288 496 342 qui,
536 301 631 327 cum
655 288 724 342 Ap
761 287 1083 342 Apoeciden
1129 302 1227 327 cum
1258 289 1407 330 lacuna
1447 290 1638 343 haberet,
1678 297 1918 333 truncatum
1957 295 2001 336 in
2041 295 2125 336 fine
2156 310 2322 337 versum
2355 297 2413 337 sie

69 360 303 416 supplevit:

1314 432 1649 490 Apoecidenqne
1681 434 2015 488 acheruntieum‚

68 503 110 542 in
135 517 221 557 quo
254 510 366 542 certe
401 502 681 557 Apoecidem
714 501 910 556 requiro3
954 508 998 541 ut
1029 508 1169 542 autem
1199 503 1291 542 seni
1328 503 1545 558 decrepito
1578 506 1842 561 aptissimum
1885 515 1948 548 est
1988 508 2213 563 epitheton
2256 511 2415 551 ache-

68 575 344 626 runticus,
377 574 430 613 ita
463 574 531 613 hic
566 581 675 613 stare
700 588 788 612 non
819 588 947 628 posse
979 574 1132 614 evincit
1163 589 1360 615 mensura
1393 575 1484 615 eius
1516 576 1727 629 vocabuli„
1758 578 1882 618 cuius
1912 580 2048 635 prima
2077 580 2235 635 syllaba
2266 579 2413 622 Plauto

67 645 314 700 producitur
346 645 396 683 cl'.
431 644 519 686 Ml.
549 644 667 684 (ilor.
700 648 739 695 3,
770 646 808 696 l,
834 647 902 687 32.
930 644 1080 686 Bacch.
1112 649 1153 698 2,
1183 650 1224 691 2,
1255 649 1322 686 21.

270 714 368 754 Non
398 731 492 756 raro
526 731 674 756 versus
707 716 749 755 in
780 715 960 771 Epidico
994 733 1078 758 uno
1124 719 1231 774 pede
1270 717 1492 758 breviores
1534 719 1904 773 circumferuntur,
1947 722 1991 762 in
2032 721 2188 779 quihus
2233 722 2418 763 editores

69 786 262 841 plerique
293 802 379 826 non
412 803 539 826 ιιιιυιιι
566 794 726 828 tantum
757 788 914 828 hiatum
947 790 1021 830 sed
1051 790 1272 845 geminum
1303 805 1475 845 qnoque
1507 801 1790 844 agnoverunt,
1823 803 1866 834 ut
1895 796 1936 846 2,
1969 797 2008 845 3,
2046 798 2079 835 Ι.

480 863 655 904 Nullum
689 869 783 905 csse
821 865 977 921 opinor
1019 870 1098 921 cgo
1143 866 1356 922 agrum-in
1387 856 1655 921 agro-Attico

70 938 144 977 uhi
177 940 341 980 scribo:
375 945 453 995 ego
484 955 631 995 agrum
663 942 704 981 in
740 943 817 982 hoc
849 958 951 998 agro
983 933 1141 984 A‘ttieo.
1221 944 1399 986 lacobus
1450 960 1580 985 unum
1632 952 1792 986 tantum
1835 946 1992 987 hiatum
2041 954 2227 988 statuens
2275 954 2422 987 contra

71 1024 194 1050 usum
223 1011 481 1052 comicorum
513 1028 573 1067 ag
586 1028 606 1052 ι·
619 1028 643 1052 ιι
659 1029 698 1052 ιιι
731 1014 772 1053 in
799 1014 933 1069 prima
963 1016 1175 1070 producit.

474 1088 514 1130 ⁴„
547 1088 584 1135 1,
618 1088 682 1124 16.
744 1084 857 1136 Quoi
891 1087 1051 1126 homini
1079 1102 1227 1127 omues
1261 1091 1495 1143 suppetunt
1528 1105 1595 1129 res
1630 1091 1867 1145 prospere?

71 1154 141 1193 uhi
169 1162 266 1209 post
298 1156 552 1195 homines
585 1156 740 1195 excidit
772 1173 867 1213 aeq
881 1174 960 1198 ue:
997 1160 1101 1215 quoi
1134 1160 1293 1200 hoinini
1326 1177 1460 1216 aeque
1491 1165 1639 1201 omnes
1672 1171 1751 1202 cte.

470 1227 525 1267 il».
559 1241 596 1266 v.
631 1230 695 1268 17.
756 1227 841 1269 Sed
874 1238 917 1270 tu
951 1231 1058 1271 hanc
1090 1232 1200 1271 intro
1232 1232 1353 1272 iubes
1384 1233 1568 1274 abduci?
1601 1258 1651 1265 --
1683 1232 1800 1272 Heus
1831 1232 1946 1273 foras

72 1296 145 1336 uhi
174 1297 265 1336 sinc
299 1297 635 1351 interrogatione
666 1308 705 1340 et
736 1301 895 1341 ictibus
929 1304 1292 1344 commodioribus
1330 1305 1535 1345 restitutis
1575 1305 1871 1361 reponendum
1914 1312 2000 1356 cst:
2045 1303 2131 1344 Sed
2171 1312 2216 1344 tu
2257 1306 2423 1346 isthanc

75 1368 187 1407 intro
219 1368 318 1408 iube
350 1370 406 1408 sis
440 1370 607 1412 abduci.
668 1372 784 1412 Heus
814 1374 929 1414 foras
959 1400 1013 1405 —-
1038 1391 1121 1431 qua
1153 1377 1361 1418 medicina
1394 1384 1434 1416 et
1470 1378 1612 1418 versui
1642 1376 2019 1418 Menaechmorum
2052 1378 2089 1428 1,
2122 1379 2162 1428 3,
2192 1379 2218 1416 3
2249 1390 2421 1416 succur-

72 1440 251 1480 rendum
283 1449 362 1494 est,
394 1458 520 1497 quem
555 1442 733 1499 Vulgata
762 1446 821 1485 sic
851 1446 1001 1487 habet:

481 1528 578 1563 Men,
609 1508 702 1571 Ego
735 1518 827 1558 istic
859 1519 959 1559 mihi
988 1519 1114 1560 hodie
1146 1521 1341 1576 apparari
1371 1521 1476 1561 iussi
1508 1520 1619 1576 apud
1648 1527 1689 1561 te
1722 1519 1931 1576 proelium

77 1583 146 1623 uhi
179 1600 274 1624 cum
305 1586 442 1626 inssi
477 1597 701 1643 propterea
734 1590 835 1630 ferri
869 1598 1067 1647 nequeat,
1101 1593 1198 1648 quia
1226 1593 1530 1634 Menaechmus
1562 1592 1625 1632 his
1654 1592 1757 1648 ipsis
1790 1590 1933 1631 ven-his
1966 1589 2085 1630 iubet
2113 1604 2192 1630 nec
2221 1597 2424 1631 antenus-

77 1670 202 1710 quam
231 1657 367 1710 iussit,
399 1668 511 1699 recte
543 1661 716 1716 quidem
746 1662 798 1702 ad
830 1663 1100 1704 coniecturas
1131 1665 1323 1720 confugit
1356 1664 1593 1717 Acidalius9
1626 1664 1701 1704 sed
1734 1679 1810 1703 nec
1843 1662 2036 1702 iussim
2068 1677 2146 1702 nec
2176 1662 2330 1701 iusso
2363 1675 2426 1701 sa·

77 1727 240 1767 tisl'acit.
327 1730 454 1770 [nimo
504 1732 645 1772 iussi
689 1743 935 1789 corruptum
973 1742 1035 1775 est
1084 1751 1135 1776 ex
1175 1737 1300 1776 iube
1339 1737 1429 1776 sis.
1508 1736 1579 1777 Sic
1614 1737 1743 1790 igitur
1783 1736 1891 1789 lege,
1932 1734 2110 1789 reliquis
2151 1749 2202 1774 ex
2243 1732 2427 1772 Acidatii

79 1801 287 1841 sententia
316 1804 508 1844 mutatis:
1515 1859 1520 1861 λ

486 1866 601 1930 Ergo
634 1876 702 1916 isti
734 1893 780 1918 ac
810 1877 867 1916 mi
897 1876 1023 1917 hodie
1052 1878 1246 1933 apparari
1279 1878 1378 1919 iube
1410 1878 1468 1919 sis
1499 1878 1611 1935 apud
1650 1885 1690 1918 te
1721 1876 1933 1933 proelium

78 1943 132 1987 cf.
165 1944 315 1988 Bacch.
345 1950 385 1998 4,
414 1950 454 1999 8,
487 1951 552 1990 16.
613 1948 767 1988 Pseud.
797 1951 837 2001 2,
869 1951 911 2001 2,
943 1951 1012 1988 71.

490 2020 612 2076 Epid.
644 2024 683 2073 ὃ,
710 2023 751 2070 2,
781 2023 847 2061 17.
906 2019 996 2062 Nec
1027 2021 1102 2061 tibi
1134 2020 1331 2077 supplico
1359 2020 1522 2061 vincire
1552 2021 1647 2061 vis?
1675 2021 1783 2054 Hem·
1826 2019 2010 2060 ostendo
2041 2035 2191 2061 manus

81 2096 193 2143 patet
224 2106 287 2129 en
319 2092 591 2133 scribendum
624 2108 732 2134 esse.

488 2170 613 2225 Epnl.
642 2173 683 2221 2,
716 2171 755 2223 1,
784 2172 851 2210 70.
879 2159 926 2210 ld
956 2177 1152 2226 paratum
1182 2177 1222 2210 et
1253 2174 1347 2211 sese
1380 2170 1434 2211 ob
1467 2186 1557 2213 eam
1587 2187 1675 2212 rem
1704 2171 1746 2212 id
1776 2171 1901 2211 serre.
1964 2182 2004 2216 Ρ,
2036 2170 2158 2222 cedo,
2197 2171 2434 2224 ego-occidi

83 2237 223 2279 hiatus
254 2242 518 2282 eonnnodius
551 2250 663 2282 certe
695 2250 790 2283 ante
831 2258 927 2297 ego
967 2249 1239 2294 statueretur,
1279 2250 1324 2283 ut
1354 2243 1643 2299 interpunctio
1687 2242 1951 2283 excusationi
1991 2244 2058 2295 sit,
2101 2241 2184 2282 nisi
2227 2242 2434 2283 verisimi-

83 2308 165 2350 lius
195 2320 307 2352 esset
336 2314 417 2355 hoc
446 2314 642 2354 Plautum
675 2314 922 2370 scripsisse:
955 2322 1109 2356 certo
1141 2330 1240 2370 ego
1273 2316 1468 2356 occidi.

491 2392 546 2432 ib.
578 2394 620 2445 2,
648 2394 689 2444 2,
719 2394 757 2432 9.
811 2381 857 2433 ld
888 2408 968 2448 ego
1016 2392 1253 2435 excrucior.
1340 2406 1405 2449 ΕΡ,
1447 2393 1503 2434 Di
1541 2393 1683 2435 hercle
1725 2408 1874 2434 omnes
1914 2390 2214 2443 nie-adiuvant,
2265 2395 2438 2445 augent.

1881 2470 2035 2505 amant.

90 2535 362 2589 transpositio
396 2553 434 2577 ιιι
450 2553 471 2577 c
505 2543 528 2577 o
543 2554 690 2579 mnes
724 2547 763 2579 et
791 2539 952 2581 hiatum
980 2540 1090 2580 tollit
1120 2546 1160 2579 et
1191 2554 1389 2596 asperum
1420 2539 1562 2580 ictum.

495 2615 552 2656 il).
584 2618 625 2669 2,
658 2621 697 2670 1,
729 2619 783 2656 23
824 2634 886 2674 sq.
918 2607 958 2658 Ᾰ
988 2618 1158 2673 legione
1178 2619 1325 2657 onmes
1355 2616 1524 2657 remissi
1541 2622 1639 2655 suut
1658 2615 1831 2655 domum
1849 2612 2027 2654 Thebis.
2056 2629 2100 2657 Α.
2129 2612 2200 2653 Sic
2231 2614 2439 2666 l'actnmsh

496 2679 704 2744 E'pidice'?
733 2703 798 2745 ΕΡ,
824 2689 916 2745 Ego
949 2690 1005 2731 ita
1034 2690 1309 2730 fuctum-esse
1342 2688 1453 2730 dIco.
1513 2701 1554 2733 P.
1587 2687 1688 2728 Scin
1719 2695 1762 2728 tu
1795 2686 1932 2727 istuc‘?
1991 2698 2055 2740 ΕΡ,
2084 2684 2200 2726 Scio.

93 2755 163 2795 Sic
194 2755 370 2798 lacobus
403 2774 452 2798 ex
484 2760 626 2801 Bothii
658 2762 904 2803 coniectura
934 2761 1080 2814 edidit,
1123 2761 1166 2801 in
1197 2776 1278 2817 qua
1313 2776 1400 2800 non
1441 2760 1578 2801 solmn
1610 2760 1747 2800 hiatus
1781 2759 1855 2799 sed
1887 2758 2011 2799 etiam
2042 2772 2150 2796 unns
2191 2757 2440 2798 acatalectus

94 2843 242 2867 versus
272 2829 382 2870 iuter
423 2840 483 2872 tot
522 2834 790 2874 catalecticos
826 2835 978 2875 mirum
1006 2841 1211 2891 quantum
1244 2833 1454 2890 displicet.
1533 2834 1602 2888 Ap
1642 2830 1873 2888 Epidico
1921 2830 2041 2870 initio
2079 2829 2252 2869 alterius
2295 2843 2442 2869 versus

96 2902 259 2956 ignorat
290 2910 330 2943 ct
361 2904 402 2942 in
428 2904 586 2959 prioris
619 2907 700 2945 line
726 2906 876 2946 hahet:
909 2905 1029 2946 Scit
1059 2906 1261 2946 sactum
1292 2921 1386 2945 cum
1418 2906 1586 2956 lacuna7
1619 2903 1730 2945 unde
1756 2910 1850 2943 nata
1870 2901 2156 2958 cstVulgata:
2188 2900 2310 2956 quis
2342 2900 2443 2941 ho«-

96 2973 200 3012 scit
231 2974 463 3015 factum?
496 2977 562 3017 cui
595 2978 768 3032 quidem
794 2978 957 3018 numeri
984 2978 1044 3017 sic
1077 2978 1281 3018 reddendi
1312 2978 1532 3017 videntur:

503 3042 541 3093 Ᾰ
574 3055 744 3109 legione
777 3058 924 3095 omnes
956 3055 1122 3095 remissi
1154 3057 1254 3093 sunt
1285 3054 1456 3094 (lonium
1488 3053 1667 3094 Thebis.
1723 3065 1788 3106 Ap,
1815 3051 1925 3103 Quis
1957 3052 2038 3091 hoc

505 3125 593 3166 Scit
621 3126 782 3167 factum
812 3127 936 3166 esse‘}
995 3137 1060 3180 ΕΡ,
1090 3141 1168 3181 ego
1201 3129 1255 3166 ita
1286 3126 1439 3167 factum
1470 3140 1564 3166 esse
1596 3125 1704 3164 dico.
1758 3137 1798 3169 Ρ,
1828 3124 1928 3164 Scin
1956 3131 1999 3162 tu
2024 3123 2164 3162 istuc?
2235 3133 2299 3177 ΕΡ,
2328 3120 2442 3162 Scio.

100 3210 348 3253 quamquam
381 3212 457 3239 nec
487 3199 590 3239 haec
619 3199 726 3240 ratio
751 3199 850 3239 satis
872 3199 1021 3255 placet.
1091 3197 1168 3239 Est
1190 3197 1256 3239 hic
1286 3198 1408 3239 locus
1430 3212 1482 3238 ex
1504 3197 1568 3247 iis,
1593 3211 1776 3255 (plorum
1800 3195 2038 3237 emendatio
2057 3202 2178 3249 certa
2192 3193 2333 3234 futuro
2358 3192 2442 3234 edi-
