2574 3524
163 612 489 744 Scholasticis
547 679 674 719 rebus
744 680 993 735 proludendi
1052 683 1271 737 provincia
1329 699 1420 722 cum
1479 684 1578 725 milii
1638 686 1717 725 lioe
1772 703 1883 728 anno
1938 690 2175 746 obtigisset.
2251 696 2386 736 visum
2445 706 2506 738 est

161 775 209 799 ex
243 755 413 797 comicis
455 753 743 792 Romanorum
785 754 939 807 poetis,
979 753 1135 809 quilius
1178 755 1487 811 aliquantisper
1527 771 1699 812 operam
1741 758 1968 813 dedissem,
2012 763 2246 805 disserendi
2294 769 2508 810 materiam

160 842 340 875 sumere,
374 839 626 880 ‹piamquam
661 822 831 863 suerunt
873 824 943 880 qui
974 825 1191 877 iaetarent,
1226 825 1419 866 Plautum
1453 828 1625 882 quidem
1662 845 1748 869 non
1781 832 2074 886 attingendum
2106 851 2214 889 esse,
2262 840 2508 897 priusquam

158 899 375 941 Ritselielii
411 912 561 936 novam
591 896 894 950 elegantissimi
924 904 1075 951 poetae
1109 897 1338 937 editionem
1372 899 1586 939 molientis
1620 916 1742 942 curae
1764 905 2106 958 exoptatissimae
2132 910 2379 962 prodierint.
2425 913 2509 954 Sed

160 979 204 1011 ut
238 970 480 1025 largiamur.
522 968 733 1007 neminem
765 969 829 1008 vel
864 969 1020 1008 maiore
1052 977 1250 1024 apparatu
1284 970 1432 1010 critico
1466 971 1717 1013 instructum
1750 975 1816 1014 vel
1848 976 2095 1017 laetioribus
2138 980 2295 1034 ingenii
2339 984 2508 1024 dotibus

158 1043 388 1098 praeditum
418 1041 468 1081 ad
500 1040 692 1080 Plautum
722 1040 1029 1080 emendandum
1059 1041 1259 1081 accedere
1288 1057 1413 1097 quam
1443 1043 1579 1082 virum
1602 1043 1721 1085 illum
1754 1046 1881 1100 longe
1913 1048 2147 1105 principem
2170 1052 2211 1090 in
2245 1053 2309 1092 liis
2342 1055 2507 1096 litteris.

158 1123 297 1154 tamen
330 1127 462 1152 novae
494 1110 594 1151 illud
627 1110 826 1150 editionis
859 1111 1074 1166 parandae
1107 1113 1331 1153 consilium
1362 1115 1615 1154 contrariam
1641 1116 1723 1156 vim
1757 1117 1910 1157 habere
1942 1120 2043 1160 mihi
2075 1122 2259 1162 videtui-2
2294 1126 2365 1180 qui
2398 1128 2508 1167 enim

159 1184 319 1241 sperari
351 1190 505 1239 potest,
537 1198 666 1221 unum
699 1183 881 1237 aliquem
900 1184 1035 1222 virum
1065 1184 1130 1224 vel
1150 1184 1439 1225 doctissimum
1459 1187 1600 1227 omnia
1629 1200 1738 1243 quae
1758 1197 1996 1245 temporum
2017 1192 2166 1234 iniuria
2190 1196 2340 1237 inflixit
2359 1208 2509 1253 poetae²

157 1257 328 1297 vulnera
358 1254 554 1295 radicitus
588 1262 912 1310 pei-sanaturum
940 1257 1064 1295 csse?
1128 1256 1250 1296 Adeo
1294 1273 1381 1297 non
1414 1257 1716 1300 abstinendum
1756 1276 1777 1301 a
1818 1261 1959 1302 Plauti
1992 1266 2293 1307 emendatione
2336 1284 2508 1322 censeo7

158 1336 202 1368 ut
230 1328 297 1367 vel
328 1327 503 1367 maxime.
536 1325 733 1365 omnibus
767 1327 957 1366 omnium
982 1328 1222 1369 coniunctis
1253 1329 1415 1370 viribus
1447 1330 1554 1370 viam
1588 1331 1647 1371 illi
1681 1332 1832 1372 editori
1855 1336 2234 1388 praemuniendam
2254 1340 2507 1391 existimenn

158 1414 296 1455 neque
329 1397 558 1437 verendum
591 1397 756 1437 videtur
786 1414 838 1437 ne
870 1399 1050 1453 gratiam
1083 1415 1170 1440 non
1203 1401 1392 1441 ineamus
1425 1401 1475 1442 ab
1506 1402 1600 1456 ipso
1634 1402 1885 1455 Ritscheli‹›‚
1926 1406 2155 1449 dummodo
2188 1411 2346 1451 maiore
2377 1421 2417 1452 et
2451 1415 2508 1453 di-

158 1470 330 1526 ligentia
358 1477 398 1508 et
429 1468 638 1509 modestia
668 1476 836 1509 utamur
868 1470 1218 1527 tirmiorihusqne
1251 1472 1536 1513 fundamentis
1570 1475 1814 1515 insistamus
1858 1493 1982 1532 quam
2027 1481 2283 1523 novissimus
2325 1484 2394 1524 ille
2433 1484 2508 1524 Be-

158 1542 385 1583 roliuensis
417 1541 569 1592 editor9
616 1541 686 1596 qui
720 1542 909 1596 pauculis
942 1544 1157 1583 mensibus
1192 1544 1482 1586 plautinarum
1531 1546 1766 1587 fabularum
1800 1550 2093 1591 recensionem
2132 1552 2423 1596 absoluturum
2465 1574 2508 1597 se

159 1614 355 1664 minatur7
388 1613 542 1666 dignus
575 1611 838 1664 Weisianae,
869 1614 902 1652 si
936 1613 1002 1653 dis
1032 1615 1185 1669 placet,
1215 1617 1416 1657 audaciae
1449 1617 1670 1673 imperitae
1703 1627 1900 1661 sectator.

361 1683 597 1722 Pcrvellem
627 1684 822 1736 equidem
856 1700 986 1723 tinum
1017 1687 1188 1740 aliquod
1222 1689 1558 1741 corruptelarum
1589 1706 1724 1743 genus
1757 1692 1799 1730 in
1832 1692 1983 1732 Plauto
2017 1694 2191 1735 uberius
2233 1698 2374 1752 paullo
2407 1715 2499 1755 per-

158 1756 292 1809 sequi„
323 1754 397 1791 sed
427 1753 626 1806 quoniam
656 1752 707 1790 ad
737 1753 942 1791 eiusmodi
973 1769 1080 1808 opus
1113 1761 1226 1795 tanta
1259 1756 1505 1796 criticorum
1538 1758 1831 1800 subsidiorum
1865 1763 1975 1802 mole
2008 1780 2114 1820 opus
2149 1774 2228 1818 est,
2259 1779 2412 1824 quanta
2433 1774 2504 1812 uni

158 1823 390 1864 Ritschetio
424 1821 621 1877 suppetit,
655 1821 695 1861 id
728 1830 888 1863 tantum
920 1840 1174 1866 concessum
1212 1827 1304 1879 suit,
1337 1835 1381 1867 ut
1412 1844 1561 1870 versus
1594 1831 1758 1887 aliquot
1798 1848 1848 1873 ex
1881 1836 2076 1877 omnibus
2109 1840 2348 1892 promiscue
2390 1843 2505 1884 fabu-

158 1897 208 1936 lis
241 1897 465 1949 decerptos
493 1909 569 1948 pro
602 1895 678 1932 hae
711 1894 826 1933 tenui
860 1895 1111 1952 infirmaque
1141 1906 1260 1954 parte
1291 1899 1341 1939 ad
1372 1901 1590 1955 pristinam
1623 1903 1909 1959 integritatem
1929 1907 2136 1947 reducere
2157 1918 2402 1967 temptarem
2433 1925 2503 1955 aut

158 1967 402 2008 coniectura
432 1965 551 2004 nisus
595 1972 668 2004 aut
701 1966 896 2005 codicum
931 1968 1151 2024 seripturis
1192 1970 1419 2025 diligenter
1450 1974 1709 2016 examinatis,
1770 1976 1834 2016 Ae
1864 1977 2153 2020 palatinorum
2173 1983 2343 2037 quidem
2375 1987 2504 2041 (quos

159 2045 255 2093 post
288 2036 567 2076 Ritsclielium
599 2037 839 2077 notavimus
871 2041 912 2077 A
942 2042 1141 2091 [veterem
1174 2042 1377 2095 codicem]
1418 2051 1459 2083 et
1490 2045 1525 2083 Θ
1559 2045 1891 2101 [Dee-umatum)
1923 2054 2157 2106 scripturas
2192 2069 2242 2093 ex
2275 2057 2501 2099 utilissima

158 2114 279 2154 Parei
308 2113 435 2154 altera
468 2113 653 2152 editione
683 2114 855 2166 hauriri,
901 2124 1066 2157 constat
1106 2117 1216 2157 inter
1257 2134 1431 2173 omncs3
1479 2130 1694 2176 praeterea
1734 2123 1974 2179 Decurtati,
2017 2144 2102 2184 quo
2135 2130 2246 2170 libro
2281 2132 2502 2175 duodecim

156 2193 316 2226 tantum
348 2184 513 2225 fabulae
545 2185 807 2240 posteriores
839 2187 1127 2241 continentur,
1169 2189 1358 2232 Pal-cana
1390 2193 1608 2248 aliquanto
1651 2195 1921 2250 diligentiore
1962 2206 2001 2238 et
2042 2201 2236 2255 pleniore
2278 2205 2503 2246 collatione

155 2257 212 2296 uti
241 2256 343 2295 mihi
371 2255 489 2294 licuit
519 2255 711 2296 instituta
739 2257 788 2298 ab
822 2257 870 2300 C.
899 2258 946 2298 E.
980 2259 1058 2300 Ch.
1092 2259 1374 2315 Schneider07
1408 2265 1657 2319 professore
1688 2265 2028 2322 Vratislaviensi,
2063 2273 2137 2327 qui
2164 2282 2203 2314 et
2234 2274 2500 2331 Lipsiensem

156 2332 307 2373 librum
355 2328 462 2378 (Ξς)
494 2332 693 2385 excussit,
724 2334 854 2389 longe
884 2335 968 2376 illis
1000 2336 1170 2392 quidem
1204 2338 1451 2379 inferiorem
1485 2341 1558 2380 sed
1600 2349 1639 2381 et
1671 2343 1808 2398 ipsum
1839 2352 1976 2385 tamen
2009 2363 2096 2388 non
2129 2354 2501 2394 contemnendum.

156 2403 390 2458 Utramque
421 2404 688 2444 collationem
719 2405 781 2445 vir
810 2422 897 2446 non
929 2408 1070 2447 minus
1101 2409 1299 2449 comitate
1330 2426 1457 2465 quam
1488 2413 1679 2455 doctrina
1712 2415 1895 2470 insignis
1925 2426 2020 2458 ante
2040 2420 2201 2476 aliquot
2230 2438 2364 2463 annos
2386 2439 2502 2463 usur-

155 2474 336 2529 pandam
371 2474 470 2513 mihi
502 2475 706 2529 permisit.
765 2476 966 2534 Denique
996 2480 1201 2535 quiequid
1235 2480 1496 2522 Ritschelius
1528 2484 1594 2523 hie
1620 2485 1705 2525 illie
1737 2487 1789 2526 ad
1822 2489 2082 2544 supplendas
2116 2492 2326 2534 Pareanas
2360 2497 2502 2551 copias

156 2545 313 2600 publici
345 2545 446 2585 iuris
481 2545 593 2597 fecit,
625 2562 677 2587 ne
710 2547 812 2603 quid
843 2564 909 2588 me
940 2549 1125 2605 sugeret,
1157 2552 1384 2608 diligenter
1413 2556 1516 2595 caxi.
1576 2557 1736 2613 Accipe
1768 2559 1897 2613 igitur
1928 2561 2029 2601 haee
2061 2562 2263 2603 librorum
2290 2582 2310 2605 a
2341 2581 2406 2605 me
2435 2567 2502 2607 ad·

155 2616 386 2656 hibitorum
416 2616 557 2670 signa:

688 2693 773 2745 Ap,
804 2694 882 2743 Ar,
916 2691 1037 2732 Parei
1067 2694 1132 2733 vel
1166 2693 1390 2735 Ritschelii
1422 2697 1473 2736 de
1504 2695 1661 2738 Vetere
1693 2698 1850 2741 Codice
1882 2702 2185 2745 testimonium.

693 2768 772 2822 Θμ,
807 2770 868 2809 Θς
896 2768 1017 2809 Parei
1049 2770 1117 2810 vel
1150 2770 1402 2812 Schneideri
1431 2773 1482 2812 de
1513 2773 1744 2815 Decurtato
1779 2777 2081 2822 testimonium.

691 2843 757 2886 Ξς
785 2844 1024 2900 Lipsiensis
1055 2846 1164 2887 liber
1193 2864 1214 2887 a
1245 2846 1507 2890 Schneidero
1539 2851 1730 2892 collatus.

689 2919 778 2969 Ως,
808 2920 950 2961 Editio
982 2922 1181 2978 princeps
1209 2924 1260 2965 ab
1293 2926 1441 2965 eodem
1474 2942 1662 2968 excussa.

357 2993 470 3034 luter
501 2995 782 3051 c01·1·uptelaS‚
813 3012 922 3052 quae
954 2998 1093 3039 Plauti
1124 2999 1362 3041 fabularum
1393 3002 1621 3044 lectionem
1651 3004 1893 3059 impeditam
1922 3006 2122 3058 reddunt,
2154 3008 2366 3050 rarissime
2399 3011 2449 3059 (si
2481 3028 2501 3051 a

152 3060 412 3104 Mostellaria
443 3068 689 3119 recesseris)
727 3081 928 3109 versuum
960 3070 1154 3111 ordinem
1183 3072 1396 3113 turbatum
1426 3074 1632 3116 invenias.
1693 3074 1925 3116 Nonnullis
1957 3076 2078 3129 loeis,
2112 3078 2183 3118 ubi
2215 3094 2363 3119 versus
2383 3088 2499 3121 erant

154 3132 317 3174 traiecti
350 3135 393 3175 in
420 3135 541 3178 libris
573 3154 700 3179 manu
732 3139 918 3194 scriptis,
948 3156 1044 3183 vera
1075 3143 1181 3184 ratio
1216 3151 1256 3184 et
1288 3143 1486 3186 facillimo
1515 3146 1690 3200 negotio
1724 3146 1900 3201 reperiri
1929 3149 2066 3202 potuit
2096 3157 2136 3189 et
2155 3150 2407 3205 plerumque
2437 3167 2499 3191 re—

2309 3224 2333 3261 l
