2574 3524
1314 81 1383 135 13

175 236 365 291 opinioni
397 236 494 275 inde
516 234 678 290 aliquid
699 234 795 274 fidei
815 234 990 282 accedit,
1010 233 1124 288 qnod
1155 234 1196 272 in
1217 233 1344 273 simili
1371 240 1622 287 argumento
1655 247 1742 273 non
1771 232 1910 271 minus
1944 231 2105 270 insoliti
2135 237 2332 269 accentus
2362 229 2514 283 reperi-

175 315 304 346 untur
333 306 465 346 Stich.
495 306 548 357 V,
580 309 619 346 4.
682 306 848 358 Quodsi
878 305 943 343 cni
976 305 1077 344 haec
1105 305 1212 344 ratio
1247 319 1333 343 non
1367 305 1637 355 satisfecerit.
1670 319 1763 344 cum
1795 303 1984 343 scrihere
2014 302 2162 341 iuheo:

580 377 767 418 Basilice
804 381 883 431 ago
923 375 1178 416 Eleutheria.
1249 388 1311 424 Sa.
1380 377 1495 429 Quid
1528 377 1621 418 iam.
1684 388 1752 421 To.
1812 380 1909 431 qnia
1947 390 2045 414 erus
2080 388 2259 429 peregre
2301 379 2375 412 cst.
2456 382 2518 416 Sa.

1698 452 1763 488 ain
1795 454 1838 486 tu
1869 447 2118 502 peregrest‘?

176 520 323 576 Pergit
353 520 535 564 Toxilus
564 537 604 562 v.
637 524 712 561 312

583 593 628 634 Si
658 600 745 634 tute
774 592 850 633 tibi
882 592 992 632 hene
1024 607 1118 632 esse
1150 600 1272 647 potes
1304 591 1411 647 pati:
1441 592 1555 642 veni.
1588 592 1703 631 vives
1734 606 1910 631 mecum.

176 679 226 704 ex
257 664 413 721 quibus
445 665 585 705 verbis
616 664 815 706 facillime
848 664 1068 705 iambicum
1100 663 1389 719 septenarium
1420 664 1592 713 efficias,
1634 663 1716 702 nisi
1747 678 1877 702 unuin
1910 661 2084 701 obstare
2124 659 2327 698 videatur.
2405 655 2520 696 Sem-

177 751 254 791 per
284 737 396 777 enim
436 737 477 776 in
518 736 714 792 quamvis
755 736 982 792 frequente
1025 751 1297 776 numerorum
1331 735 1643 790 permutatione
1679 748 1802 773 causa
1846 733 2089 772 mutationis
2136 729 2317 770 inveniri
2363 734 2521 784 potest.

178 814 377 862 recteque
410 807 625 848 Bentleius
657 809 710 848 ad
741 808 842 849 Ter.
876 808 978 848 Hee.
1005 811 1045 859 3,
1078 811 1117 858 l,
1149 811 1173 847 4
1205 809 1311 848 hanc
1342 807 1479 860 legem
1511 805 1711 845 statuisse
1744 804 1923 854 videtur,
1957 804 2127 858 plenum
2162 801 2424 842 trochaicum
2454 814 2521 839 ex·

178 878 260 933 cipi
289 878 445 919 dehere
478 895 603 920 versu
633 879 685 920 ab
718 880 802 919 arsi
833 881 1062 936 incipiente
1096 881 1119 920 i.
1152 895 1187 919 e.
1222 878 1450 920 trochaico.
1529 877 1652 918 Unde
1682 876 1877 932 sequitur
1916 884 1959 915 ut
1991 883 2030 915 et
2061 875 2126 914 hic
2159 874 2210 913 de
2241 888 2327 928 quo
2361 872 2524 926 agimus

177 944 324 991 versu's
355 951 400 990 in
431 951 631 992 trochaici
666 952 845 992 sormam
880 952 1140 1007 redigendus
1171 952 1239 991 sit.
1324 949 1457 990 Cuius
1499 948 1628 989 verba
1667 949 1702 988 si
1744 948 1887 1004 paullo
1919 946 2164 1002 {accuratius
2204 945 2524 1000 perliistraniuS‚

178 1022 302 1077 plane
330 1038 416 1063 non
447 1023 714 1079 assequimur
746 1024 828 1064 vim
857 1024 1124 1079 pronominis
1153 1030 1281 1074 tute,
1313 1022 1433 1063 cuius
1464 1022 1560 1062 loco
1591 1020 1771 1076 simplex
1811 1028 1864 1060 tu
1905 1025 2189 1074 exspectatur.
2273 1015 2380 1055 ilinc
2421 1016 2526 1055 hanc

179 1094 427 1149 scripturam
460 1110 687 1151 propono:

584 1167 629 1207 Si
661 1175 704 1207 tu
735 1166 812 1206 tihi
844 1166 954 1206 bene
984 1169 1078 1206 esse
1110 1166 1222 1221 potis
1252 1180 1297 1205 es
1326 1168 1366 1205 te
1398 1165 1506 1220 pati:
1532 1164 1644 1215 veni,
1678 1168 1791 1203 vives
1822 1178 1986 1203 meeum

179 1252 288 1292 quae
320 1237 354 1277 si
387 1238 562 1293 probata
594 1238 733 1280 fuerit.
774 1239 944 1279 accedat
975 1239 1056 1277 hoc
1083 1238 1323 1292 exemplum
1355 1237 1406 1277 iis
1440 1251 1549 1292 quae
1580 1236 1797 1290 congessit
1827 1234 2023 1274 Lindem.
2057 1232 2108 1274 ad
2139 1232 2232 1273 Mil.
2267 1232 2385 1272 Glor.
2419 1234 2459 1281 3,
2490 1233 2530 1269 3.

178 1310 232 1348 52
263 1316 308 1348 ut
337 1309 565 1361 evinceret,
594 1325 759 1365 posse
792 1326 887 1349 cum
918 1310 1156 1350 accusativo
1188 1317 1227 1349 et
1259 1309 1466 1348 infinitivo
1500 1308 1670 1363 saepius
1703 1308 1817 1363 apud
1848 1307 2047 1346 Plautum
2078 1304 2213 1359 iungi.
2243 1329 2297 1333 -—
2336 1304 2376 1342 A
2407 1316 2531 1341 versu

180 1383 228 1419 31
263 1381 312 1420 ad
345 1384 397 1420 34
430 1382 593 1421 numeri
626 1382 861 1422 continuati
893 1389 991 1422 sunt
1022 1382 1081 1421 ita
1114 1388 1159 1420 ut
1190 1396 1360 1421 versum
1390 1380 1433 1420 in
1462 1380 1602 1420 thesin
1635 1386 1859 1420 exeuntem
1891 1377 2074 1432 excipiat
2114 1376 2164 1417 ab
2210 1375 2293 1415 arsi
2325 1374 2531 1430 incipiens

182 1460 219 1492 et
252 1459 421 1494 contra:
454 1453 644 1493 nondum
675 1461 927 1508 pei-sanatus
960 1461 1023 1493 est
1054 1468 1092 1493 V.
1123 1456 1176 1493 35
1202 1452 1273 1508 qui
1304 1453 1348 1492 in
1380 1451 1562 1507 Vulgata
1597 1453 1657 1492 sic
1690 1451 1871 1506 legitur:

586 1523 655 1564 Sa.
689 1524 902 1576 Quidnam
931 1525 975 1564 id
1006 1526 1106 1565 est‘}
1151 1524 1234 1566 To.
1267 1523 1382 1565 Haec
1407 1524 1495 1564 dies
1519 1539 1682 1565 summa
1706 1523 1834 1565 hodie
1867 1529 1945 1574 est⁷
1977 1536 2068 1562 mea
2100 1520 2233 1560 amica
2256 1519 2365 1559 sitne
2385 1516 2533 1558 libera.

589 1598 659 1636 An
688 1596 989 1652 sempiternam
1020 1597 1267 1638 servitutem
1298 1597 1455 1637 serviat
1487 1604 1565 1637 etc.

183 1666 330 1708 Priore
359 1675 479 1722 parte
511 1668 675 1722 integra
709 1668 946 1708 adventicio
979 1669 1189 1709 vocabulo
1232 1669 1449 1723 posterior
1490 1675 1695 1708 oneratur
1737 1668 1792 1707 ita
1831 1681 1922 1707 mea
1964 1663 2137 1720 quidem
2187 1662 2398 1704 sententia
2436 1662 2535 1702 scri·

184 1738 345 1779 benda:
378 1743 522 1779 sitne
565 1740 738 1779 amica
778 1738 970 1778 libera.
1035 1738 1123 1778 lam
1151 1739 1422 1778 continuatur
1458 1753 1659 1777 numerus
1689 1751 1826 1792 usque
1855 1736 1907 1776 ad
1947 1751 1984 1774 v.
2026 1739 2096 1786 41,
2137 1734 2315 1774 iambica
2355 1733 2538 1774 clausula

183 1810 294 1850 varia
323 1810 425 1851 haec
456 1817 690 1850 metrorum
722 1825 881 1865 genera
913 1809 1165 1865 excipiente.
1252 1824 1291 1851 v.
1324 1813 1377 1850 37
1410 1825 1462 1850 ex
1501 1810 1603 1853 &Es
1643 1808 1873 1849 verborum
1915 1807 2021 1847 ordo
2070 1807 2163 1846 des
2209 1806 2342 1845 mihi
2389 1805 2539 1861 (Vulg.

185 1881 288 1921 mihi
320 1881 414 1937 des)
447 1881 746 1937 suscipiendus
777 1890 839 1921 est
871 1881 1028 1937 pariter
1059 1888 1186 1936 atque
1219 1896 1270 1920 ex
1302 1881 1394 1921 solo
1427 1882 1486 1921 &s
1518 1882 1654 1921 forma
1685 1885 2001 1931 sescentos,
2042 1893 2169 1934 quam
2201 1879 2333 1918 solam
2363 1878 2539 1919 Plautus

187 1953 360 1993 novisse
388 1953 566 1993 videtur.
635 1953 699 1993 Cf.
734 1953 857 1994 Parei
887 1960 978 1993 not.
1011 1952 1100 1992 crit.
1135 1953 1187 1992 ad
1215 1952 1358 1993 Aulul.
1394 1954 1435 2005 2,
1466 1954 1506 2005 -l,
1530 1956 1583 1992 41
1619 1955 1859 2006 „sescenta]
1930 1950 1991 1991 lta
2031 1950 2164 1990 ferme
2196 1951 2354 2006 ubique
2396 1950 2540 1992 scribi-

188 2032 256 2065 tur
283 2024 327 2064 in
357 2032 501 2065 vetere
528 2024 702 2078 Codice,
734 2040 822 2066 non
854 2028 1085 2066 sexcenta⁴⁶
1117 2031 1158 2064 et
1186 2024 1411 2065 Ritschelii
1442 2032 1544 2064 nota
1585 2024 1636 2064 ad
1665 2023 1863 2065 Bacchid.
1894 2026 1935 2076 4,
1967 2027 2006 2075 9,
2043 2026 2143 2063 111.
2174 2022 2278 2063 Post
2312 2023 2541 2064 clausulam

190 2104 428 2153 sequuntur
457 2097 673 2149 trochaici,
705 2105 744 2138 et
775 2097 826 2138 ab
859 2099 1105 2137 Hermanno
1138 2105 1178 2136 et
1210 2096 1260 2137 ab
1293 2097 1388 2138 aliis
1420 2095 1685 2137 emendatius
1717 2096 1933 2152 aliquanto
1979 2095 2139 2150 scripti,
2180 2094 2336 2134 deinde
2378 2094 2541 2135 iambici

191 2169 422 2224 septenarii
454 2169 734 2224 integerrimi.
769 2169 805 2208 si
835 2169 1065 2209 recesseris
1097 2185 1118 2209 a
1149 2169 1378 2224 postremis
1409 2167 1577 2208 duobus
1611 2168 1653 2207 in
1685 2167 1812 2222 Vulg.
1845 2168 1905 2206 sie
1947 2167 2147 2207 exaratis:

598 2243 666 2282 48.
693 2254 749 2288 Sa.
770 2241 935 2293 Quaere
964 2249 1128 2281 tamen:
1162 2256 1240 2295 ego
1275 2240 1375 2280 item
1407 2240 1571 2290 sedulo,
1603 2239 1638 2279 si
1670 2240 1774 2295 quid
1806 2239 1885 2279 erit
1912 2239 2061 2279 faciam
2096 2246 2140 2278 ut
2172 2240 2291 2278 scias.

605 2324 675 2360 To,
700 2312 908 2365 Obsecro,
937 2321 979 2353 te
1009 2328 1196 2353 resecro.
1217 2327 1388 2368 operam
1422 2313 1472 2352 da
1496 2312 1602 2352 hane
1632 2312 1732 2351 mihi
1753 2311 1932 2352 fidelem.
1993 2322 2053 2356 Sa.
2088 2311 2154 2362 ah,
2181 2311 2277 2350 odio
2311 2326 2375 2350 me
2405 2310 2544 2350 enicas

194 2401 374 2442 quorum
405 2386 622 2440 inpriore
664 2384 738 2425 uti
779 2386 924 2425 saitem
956 2384 1230 2425 scribendum
1273 2384 1349 2424 suit
1390 2384 1528 2424 hiatus
1569 2383 1818 2424 removendi
1859 2397 2010 2435 causa3
2048 2382 2123 2422 sed
2163 2384 2262 2425 &Es
2301 2380 2434 2437 Mssp.
2479 2382 2545 2421 fa-

196 2458 329 2498 ciam
355 2458 529 2498 omnino
563 2458 778 2513 ignorant,
818 2458 920 2498 iam
961 2457 1228 2513 praebentes,
1262 2463 1524 2512 quapropter
1562 2455 1604 2495 in
1636 2454 1854 2495 veteribus
1888 2453 2165 2505 editionibus,
2209 2469 2314 2509 quas
2354 2453 2547 2494 &Veisius

198 2538 372 2571 secutus
405 2538 482 2575 est..
508 2545 595 2570 non
626 2530 732 2570 male
759 2530 882 2570 faxo
913 2530 1140 2569 insertum:
1181 2528 1225 2568 si
1267 2528 1400 2583 quid
1432 2527 1539 2567 erit
1570 2527 1695 2566 faxo
1729 2527 1831 2566 iam
1860 2530 1912 2566 nt
1936 2526 2093 2576 scias.
2137 2525 2218 2565 nisi
2245 2526 2362 2581 quod
2389 2523 2548 2564 Madvi-

198 2602 255 2655 gii
287 2603 392 2642 ratio
411 2602 444 2654 ⁶)
484 2602 527 2642 in
568 2601 785 2657 opusculis
817 2601 1066 2642 academicis
1099 2599 1243 2641 alteris
1283 2600 1502 2655 proposita
1539 2598 1682 2639 scies
1723 2598 1979 2654 requirebat.
2056 2596 2140 2638 Sed
2183 2612 2276 2636 cum
2318 2612 2453 2652 neque
2486 2597 2549 2636 fa—

200 2758 230 2797 0)
294 2757 351 2791 cui
375 2762 498 2790 tamen
523 2768 593 2789 non
618 2766 700 2788 raro
726 2756 816 2788 Mss.
844 2754 1017 2788 librorum
1035 2755 1124 2787 fides
1144 2753 1331 2786 obnititur.
1362 2753 1495 2786 Bacch.
1523 2759 1555 2795 4,
1580 2755 1612 2795 8,
1629 2755 1672 2788 23
1687 2752 1784 2784 faxo
1803 2751 1925 2784 dicat
1943 2749 2162 2802 i'momnibus
2180 2750 2269 2784 Mss.
2289 2759 2370 2781 esse
2397 2748 2548 2780 iidetur.

292 2812 426 2845 Pseud.
447 2812 478 2853 4,
507 2816 535 2853 1,
553 2813 595 2847 39
621 2812 718 2843 saxo
745 2811 869 2844 dicas
895 2811 930 2843 in
949 2811 1038 2843 Mss.
1061 2810 1135 2853 suis
1155 2820 1236 2842 esse
1260 2814 1418 2841 testatur
1447 2810 1598 2841 Dareus.
1634 2808 1743 2840 Most.
1772 2810 1803 2847 5.
1821 2810 1854 2847 2,
1878 2807 1922 2839 12
1946 2817 2027 2849 ego
2054 2808 2199 2838 ferare
2223 2806 2323 2837 faxo
2357 2803 2553 2837 editiones:

293 2872 390 2901 tacet
408 2867 560 2900 Parcus.
583 2866 682 2898 Trnc
697 2869 729 2905 2,
747 2869 840 2907 &13
859 2878 941 2909 ego
966 2868 1066 2898 saxo
1087 2865 1208 2897 dicat
1228 2864 1334 2907 vulg.
1352 2854 1420 2895 Θε.
1468 2863 1575 2895 Most.
1600 2866 1628 2905 l,
1643 2863 1732 2903 1,θό
1746 2862 1852 2905 Vulg.
1873 2863 1972 2894 faxo
1993 2862 2170 2893 afferat.
2197 2859 2298 2892 Triu.
2318 2863 2345 2894 1.
2364 2862 2394 2900 2,
2412 2860 2456 2893 24
2473 2861 2554 2891 faxo

292 2923 391 2956 haud
405 2922 500 2956 scias
520 2912 618 2954 ΘΞε
645 2920 773 2963 quibus
801 2921 859 2953 hic
886 2921 1027 2954 accedit
1052 2919 1282 2952 Ambrosiani
1307 2919 1399 2952 fides
1425 2917 1570 2961 plurimi
1595 2917 1773 2950 iacienda.
1825 2917 1872 2949 ib.
1893 2922 1926 2957 4,
1951 2917 1982 2952 2,
2000 2920 2043 2950 40
2068 2917 2174 2958 Vulg.
2191 2917 2290 2947 faxo
2309 2915 2439 2947 scias.
2457 2915 2551 2947 Men.

296 2982 329 3016 3,
352 2979 454 3019 3,16
477 2978 577 3011 faxo
603 2977 878 3009 referantur.
944 2982 975 3017 4,
1000 2979 1032 3017 2,
1057 2976 1100 3008 81
1128 2976 1228 3007 faxo
1257 2973 1390 3006 scias.
1459 2978 1488 3014 1,
1515 2973 1547 3013 2,
1573 2972 1593 3006 4
1624 2973 1725 3004 faxo
1756 2972 1891 3004 visas.
1957 2972 2084 3013 Amph.
2113 2975 2147 3011 2,
2171 2972 2203 3010 1,
2229 2973 2272 3005 42
2302 2971 2402 3002 faxo
2435 2981 2555 3012 expe-

291 3038 398 3067 tant.
433 3037 467 3075 2,
491 3037 524 3076 ’2,
552 3037 591 3067 17
617 3033 714 3065 faxo
742 3031 812 3064 sit.
852 3031 955 3064 Asin.
983 3034 1015 3069 ὃ,
1040 3034 1072 3065 ’2,
1098 3032 1141 3065 '26
1167 3031 1264 3061 faxo
1291 3027 1533 3071 opprimas.
1591 3027 1759 3068 Quorum
1777 3037 1948 3058 versuum
1963 3032 2086 3058 tamen
2105 3025 2226 3057 nullus
2252 3025 2302 3057 ita
2328 3032 2556 3067 comparatus

297 3094 365 3131 est,
390 3095 429 3124 ut
453 3100 523 3121 non
547 3100 610 3131 per
634 3094 791 3121 metrum
817 3087 931 3130 possit
957 3086 1125 3119 continuo
1151 3095 1233 3117 cum
1257 3084 1380 3116 futuro
1407 3081 1605 3125 permutari
1639 3081 1836 3114 coniunctix
1848 3093 1905 3113 us:
1942 3080 2085 3122 plurimi
2111 3087 2231 3112 tamen
2253 3086 2336 3113 sunt
2360 3092 2498 3114 versus.
2525 3081 2534 3112 i

296 3143 428 3186 quibus
452 3144 614 3177 futuram
642 3149 675 3176 et
703 3153 723 3174 a
748 3141 851 3174 codd.
881 3142 1057 3174 traditum
1083 3146 1138 3173 est
1166 3146 1200 3173 et
1227 3138 1427 3181 permutari
1453 3149 1521 3170 non
1546 3142 1665 3179 potest
1693 3148 1774 3168 cum
1800 3135 2041 3168 coniunctivo:
2069 3142 2295 3179 quapropter.
2314 3135 2384 3169 nisi
2409 3143 2538 3179 utraqu

302 3199 468 3241 loquendi
493 3197 586 3230 ratio
613 3197 788 3230 Romanis
816 3197 954 3229 usitata
979 3196 1100 3237 fuerit,
1125 3195 1230 3228 valde
1258 3193 1393 3225 inclino
1426 3193 1459 3224 in
1492 3192 1669 3236 Madvigii
1705 3190 1921 3225 sententiam
1956 3191 2209 3232 adoptandam.
2241 3202 2346 3232 quam
2380 3192 2545 3235 adoptaxi

301 3253 544 3290 Hei-mannus,
570 3258 607 3285 ut
634 3251 840 3287 emendatio
869 3252 945 3284 eius
972 3251 1006 3283 in
1034 3250 1256 3282 Bacchidum
1283 3260 1392 3282 versu
1418 3247 1587 3280 ostendit.
