2563 3546
1173 80 1212 132 4

1084 154 1285 167 -Ἣ-

411 237 477 270 Eu.
518 225 676 268 Melius
709 243 838 269 sanus
872 232 942 269 sis.
1004 243 1069 275 Ch.
1126 230 1231 273 Vale
1262 241 1302 273 et
1333 234 1455 274 vince
1493 235 1532 274 ct
1562 249 1628 275 me
1659 249 1792 277 serva.
1869 248 1934 281 Eu.
1975 237 2067 293 Ego
2095 241 2251 280 socero.

11 296 129 351 prius
162 306 225 350 et,
276 315 362 355 quo
395 304 594 357 prosodia
627 305 821 356 violatur,
849 321 1047 361 expungo
1080 323 1174 348 cum
1207 308 1385 352 ΘΞΩε.

215 369 372 412 Nescio
405 388 458 412 an
487 376 610 416 etiam
643 376 685 415 in
716 377 807 418 Mil.
842 376 908 418 Gl.
946 381 987 430 2,
1029 383 1068 432 1,
1098 381 1151 420 29
1183 382 1347 437 occepit
1379 384 1676 439 suppalparier

707 449 820 500 viuo‚
860 452 1119 492 ornamentis
1161 453 1434 510 opiparisque
1476 454 1670 496 obsoniis

14 529 116 569 que
148 516 373 561 delendum
406 523 458 562 sit
491 524 740 565 auctoritate
772 525 851 567 Θς.
920 528 1120 585 Denique
1163 532 1359 586 copulam
1400 532 1573 573 abiicias
1618 532 1731 572 Men.
1776 535 1813 585 1,
1844 535 1884 585 «1,
1915 536 1940 573 4
1971 541 2011 572 et
2043 536 2082 578 5.
2112 537 2151 585 7,
2176 536 2254 575 20:

421 592 510 647 ligo
544 593 621 653 [et]
647 596 949 639 Menaechmus
982 604 1020 641 et
1054 603 1262 657 parasitus
1291 604 1394 645 eius.
1472 617 1535 659 cy,
1571 604 1655 645 lam
1690 604 1757 644 isti
1798 607 1896 644 sunt
1927 605 2088 646 decem.

421 663 552 706 lmmo
583 666 662 726 [οἱ]
694 685 864 725 operam
890 672 997 712 dabo
1031 676 1071 713 et
1103 675 1326 716 defendam
1354 683 1395 715 et
1425 675 1664 715 subvenibo
1692 676 1856 716 sedulo.

215 746 251 771 v.
289 736 353 773 46.
418 736 537 778 facile
577 741 747 796 quidem
780 743 870 784 tolli
906 745 1041 800 possit
1073 747 1212 786 hiatus
1249 747 1382 787 forma
1424 747 1777 802 obloqueris..
1809 755 1995 789 attamen
2026 749 2125 788 satis
2157 749 2363 789 excusati-

15 798 108 838 onis
135 800 257 841 habet
288 804 338 844 ab
373 806 714 865 interpunctione
747 823 787 854 et
821 831 1030 871 personae
1062 818 1308 859 mutatione.
1390 818 1622 858 Persolu
1636 834 1690 870 111,
1727 834 1834 874 quae
1875 835 1956 859 vox
1996 820 2131 875 primo
2164 820 2366 876 adspectu

15 884 281 927 nequaquam
314 882 544 922 conuenire
575 885 743 925 videtur
775 888 906 926 exitui
940 904 1088 928 versus
1123 890 1295 941 cretico,
1337 890 1477 929 miuus
1515 890 1773 945 displicebit,
1823 891 1857 931 si
1898 893 2209 947 comparaveris
2250 893 2365 933 Pet-

13 941 129 983 laeo
157 946 281 986 Asin.
315 952 354 1001 2,
383 954 423 1003 2,
449 956 501 993 67
536 955 597 1009 (in
621 957 732 997 exitu
759 960 891 999 troch.
926 968 1021 1000 tetr.
1056 969 1170 1013 cah),
1205 964 1481 1017 hymenaeum
1515 962 1610 1003 Cas.
1637 966 1676 1014 4,
1707 966 1746 1015 3,
1764 966 1804 1006 2.
1823 965 1861 1003 8.
1890 964 2055 1018 (eadem
2078 979 2227 1004 versus
2248 964 2364 1006 sede.

17 1012 69 1054 cf.
103 1013 382 1073 h'ampmann.
414 1040 481 1064 res
514 1028 630 1068 milit.
664 1045 704 1084 p.
737 1032 825 1084 22),
857 1047 1118 1087 gynaeceum
1151 1033 1336 1075 Mostell.
1370 1038 1410 1079 3,
1440 1036 1480 1078 2,
1512 1038 1566 1075 72
1607 1035 1723 1088 (linis
1754 1035 1948 1091 senarii),
1992 1035 2204 1091 simulque
2244 1051 2366 1092 repu-

16 1087 185 1140 taveris,
219 1105 345 1145 (piam
380 1096 503 1137 facile
537 1100 614 1140 tale
646 1104 930 1158 compositum
963 1105 1015 1144 ad
1046 1107 1280 1159 analogiam
1313 1106 1617 1146 vocabulorum
1650 1106 1701 1146 in
1715 1122 1740 1146 n
1753 1107 1857 1146 uhu
1873 1123 1907 1158 s,
1940 1107 2228 1162 pronubus
2261 1112 2307 1160 (n
2323 1114 2366 1147 u-

17 1154 45 1212 l{
59 1169 119 1208 υ),
151 1166 424 1219 cognitus,
457 1175 682 1225 agnitus
713 1175 879 1232 (nonus)
912 1185 1110 1217 accentus
1142 1177 1182 1216 vi
1217 1178 1259 1217 in
1285 1178 1682 1234 antepaenultimam
1714 1180 1886 1220 retracti
1916 1196 1937 1219 a
1971 1179 2180 1235 primitiva
2221 1195 2368 1235 proso·

19 1228 87 1268 ‹lia
118 1230 407 1279 declinaverit.

220 1307 512 1353 Certi-ssimum
544 1314 739 1373 idemque
772 1320 1014 1361 facillimum
1047 1321 1391 1362 emendationum
1427 1338 1563 1377 genus
1598 1323 1637 1362 id
1669 1330 1745 1375 est,
1789 1324 1823 1363 si
1865 1323 2057 1362 codicum
2099 1324 2250 1364 litteris
2283 1340 2372 1365 ree-

21 1374 102 1415 tius
134 1377 347 1421 distinctis
371 1398 466 1425 vera
498 1388 704 1443 scriptura
736 1393 987 1445 restituitur,
1020 1393 1073 1433 ad
1103 1409 1230 1449 quam
1261 1410 1349 1434 rem
1380 1395 1644 1450 probandam
1687 1395 1892 1450 imprimis
1923 1395 2146 1450 appositus
2187 1403 2249 1435 est
2281 1411 2372 1436 ver—

18 1462 91 1486 sus
122 1449 279 1494 Pseud.
311 1458 349 1507 1,
382 1460 420 1503 2,
455 1461 527 1498 16;

428 1538 554 1585 atque
587 1534 674 1573 heri
705 1543 800 1575 aute
832 1537 1019 1578 dixeram
1051 1538 1249 1579 omnibus
1282 1539 1568 1594 dederamque
1601 1555 1670 1579 eas
1702 1539 1960 1594 provincias.

22 1589 161 1631 Verba
219 1606 316 1636 sunt
370 1599 570 1644 Ballionis
629 1607 814 1647 servitiis
867 1610 1084 1664 pigritiam
1139 1619 1177 1650 et
1232 1611 1442 1651 desidiam
1500 1611 1813 1666 exprobrantis.
1904 1610 1987 1651 lam
2049 1611 2155 1661 heri,
2218 1612 2371 1667 inquit.

21 1670 181 1704 vestras
211 1670 454 1721 proxincias
495 1676 715 1718 xobiscmn
756 1681 1081 1734 eonununieavi,
1123 1683 1197 1723 sed
1238 1684 1498 1738 negligentia
1536 1691 1677 1723 vesu-a
1721 1698 1786 1723 me
1829 1682 1957 1737 cogit.
2003 1690 2045 1721 ut
2088 1698 2163 1721 vos
2207 1699 2372 1723 rursum

23 1743 207 1776 vestrum
240 1742 425 1783 oll'icium
458 1762 766 1791 counnoneam.
835 1752 881 1790 ln
913 1768 994 1807 qua
1037 1755 1248 1794 sententia
1281 1755 1383 1808 quid
1414 1755 1513 1793 velit
1553 1761 1680 1792 ante
1723 1754 1964 1793 dixeram
2006 1768 2093 1793 non
2134 1754 2236 1793 satis
2281 1769 2374 1809 per-

20 1807 212 1861 spicuum
254 1820 332 1863 est,
374 1815 454 1855 nisi
495 1819 591 1873 quis
621 1819 674 1860 ita
706 1821 1032 1877 interpretetur:
1074 1824 1159 1863 dixi
1193 1839 1300 1879 quae
1330 1823 1452 1863 vobis
1486 1824 1705 1863 ell'ieienda
1738 1832 1881 1864 essent
1911 1832 2134 1880 antequam
2162 1840 2269 1879 opus
2304 1841 2373 1881 ag·-

20 1879 319 1936 grederemini„
360 1902 445 1941 quo
479 1890 581 1943 quid
614 1892 712 1947 lingi
753 1901 893 1948 potest
923 1895 1168 1945 absurdius„
1210 1912 1337 1951 quum
1380 1911 1602 1935 servorum
1636 1912 1810 1950 operam
1843 1912 2013 1952 semper
2049 1897 2108 1935 cri
2151 1897 2374 1952 imperium

23 1952 276 2004 praecedere
308 1971 482 1999 neeesse
515 1961 581 2002 sit.
664 1964 841 2005 Accedit
874 1966 990 2021 quod
1021 1974 1201 2006 metrum
1235 1967 1340 2007 male
1369 1966 1508 2011 habet„
1547 1975 1616 2007 aut
1647 1967 1761 2006 enim
1803 1975 1891 2023 atq
1906 1983 1967 2007 ue
2008 1968 2143 2023 (quod
2178 1969 2375 2010 tolerabi-

22 2021 119 2074 lius,
153 2025 186 2065 si
220 2028 333 2068 nulla
366 2030 443 2072 alia
474 2032 539 2073 via
571 2040 751 2090 pateret)
785 2045 853 2078 aut
882 2054 977 2078 eum
1009 2038 1179 2081 &Veisio
1214 2046 1339 2078 aute
1371 2039 1508 2095 (quod
1528 2054 1614 2077 non
1641 2038 1884 2091 serendum)
1915 2040 2094 2095 primam
2125 2041 2301 2096 corripit
2334 2042 2375 2081 in

22 2110 145 2135 xersu
178 2097 301 2139 iaml).
334 2109 490 2157 octon„
531 2109 699 2162 ‹pialem
740 2125 834 2149 csse
873 2111 1001 2151 vicini
1042 2126 1189 2151 versus
1223 2110 1436 2162 evincunt7
1478 2127 1560 2166 qua
1600 2126 1646 2150 re
1682 2126 1904 2167 perperam
1945 2112 2067 2151 Both.
2112 2112 2376 2153 trochaicum

25 2182 193 2209 versum
227 2173 405 2227 effinxit,
449 2180 826 2221 autedixeram
863 2198 948 2222 uno
982 2184 1112 2223 verbo
1155 2183 1358 2238 seriptum
1400 2183 1622 2223 exhibens.
1696 2183 1782 2223 Sed
1832 2184 2002 2224 codices
2050 2184 2279 2239 Vulgatam
2322 2186 2375 2226 ab

28 2241 227 2281 omnibus
261 2247 376 2300 quod
409 2250 607 2305 equidem
637 2252 765 2293 seiam
805 2254 1026 2309 repetitam
1068 2271 1336 2311 nequaquam
1380 2262 1567 2307 tuentur.
1614 2258 1683 2310 Ap
1716 2255 1828 2295 enim
1867 2264 1956 2311 atq
1972 2272 2034 2295 ue
2076 2257 2194 2297 heri
2237 2274 2258 2298 a
2300 2274 2376 2298 me

25 2317 137 2357 dixi
171 2336 318 2375 omn.‚
356 2326 444 2379 &ps
487 2328 606 2368 lieri
653 2347 675 2371 a
717 2346 792 2370 me
836 2330 1083 2374 dixeram
1131 2348 1279 2384 utun..
1325 2348 1435 2388 quae
1483 2334 1518 2372 si
1563 2334 1688 2373 modo
1730 2342 1843 2374 reete
1887 2333 2109 2388 intelligis.
2151 2335 2377 2376 sanissima

24 2405 121 2437 sunt
155 2406 195 2437 et
226 2399 282 2440 ita
315 2401 641 2459 distinguenda:
673 2408 805 2447 here
845 2408 944 2449 iam
978 2410 1254 2450 edixeram
1295 2411 1381 2463 (vel
1415 2411 1551 2461 lieri,
1578 2426 1686 2466 quae
1717 2426 1800 2451 vox
1826 2411 2078 2466 plerumque
2109 2412 2220 2466 apud
2250 2413 2377 2452 eomi-

24 2483 96 2509 cos
125 2471 334 2526 pyrhiclnii
365 2474 459 2516 loeo
493 2477 592 2534 est),
626 2494 770 2519 errore
803 2480 918 2520 enim
956 2484 997 2521 A
1038 2482 1189 2522 edixi
1231 2481 1371 2523 hahet.
1443 2481 1517 2521 Est
1559 2497 1659 2522 vero
1702 2483 1878 2523 verbum
1920 2483 2202 2538 compositum
2244 2485 2378 2525 multo

23 2547 161 2602 aptius
193 2549 262 2589 hic
289 2567 413 2607 quam
445 2554 625 2611 simplex
657 2564 697 2597 et
728 2556 907 2612 imperio
941 2558 1032 2599 erili
1064 2559 1295 2614 peculiare,
1335 2560 1448 2601 unde
1489 2568 1528 2599 ct
1570 2560 1775 2600 edictio
1822 2576 1861 2602 v.
1903 2563 1956 2601 39
1996 2560 2185 2600 eiusdem
2227 2576 2379 2602 scenae

26 2626 65 2659 et
96 2619 184 2662 Mil.
215 2624 255 2666 2,
286 2625 326 2675 2,
366 2628 404 2664 4.
463 2625 588 2668 Nune
631 2628 735 2669 adeo
769 2630 891 2670 edico
924 2631 1137 2683 omnibus7
1168 2631 1226 2674 ib.
1258 2636 1298 2675 3,
1324 2634 1364 2683 2,
1389 2633 1444 2672 28
1480 2640 1608 2687 atque
1650 2640 1693 2672 ut
1739 2640 1780 2672 tu
1811 2633 1922 2672 scire
1949 2633 2107 2688 possis,
2140 2632 2259 2673 edico
2292 2633 2379 2674 tibi.

24 2691 90 2733 Cf.
125 2701 164 2732 et
196 2693 330 2735 Bentl.
364 2698 414 2736 ad
446 2698 547 2739 Ter.
578 2701 712 2742 Andr.
748 2705 787 2754 1,
818 2704 857 2754 2,
889 2706 956 2744 33.
1032 2703 1401 2755 Ειιιοιιιίειῑίοιιοιιι,
1434 2705 1469 2744 si
1504 2705 1729 2745 emendare
1771 2705 1853 2744 diei
1894 2713 2035 2760 potest
2071 2705 2232 2745 litteras
2266 2713 2379 2745 reete

24 2763 227 2818 dividere,
260 2770 480 2810 eonlirmat
510 2772 617 2811 alter
650 2773 850 2814 Pseudoli
883 2790 1033 2816 versus
1063 2779 1104 2827 3,
1136 2778 1176 2828 2,
1210 2779 1263 2816 66
1295 2785 1421 2833 atque
1453 2777 1559 2817 adeo
1593 2784 1635 2816 tu
1669 2776 1743 2832 qui
1776 2780 1893 2816 meus
1927 2792 1986 2827 es,
2020 2777 2099 2816 iam
2133 2777 2251 2816 edico
2285 2777 2377 2826 tibi7

27 2837 100 2877 uhi
132 2837 281 2895 Mssp.‚
315 2841 568 2897 quibuscum
609 2848 825 2887 consentit
855 2849 929 2897 ΘΞ,
954 2847 1184 2902 praebent:
1218 2857 1300 2889 est
1332 2865 1409 2890 am
1433 2850 1610 2901 edico,
1641 2864 1745 2889 voce
1778 2849 1878 2889 iam
1921 2849 2115 2889 similiter
2141 2848 2379 2889 obscurata.

26 2910 108 2953 lam
140 2926 290 2952 Versus
322 2913 414 2954 sine
446 2917 562 2956 omni
594 2917 766 2958 lieentia
799 2919 862 2960 sie
894 2920 1135 2961 recitandus
1164 2929 1252 2962 est:

433 3011 574 3067 Atque
606 3012 706 3052 here
738 3013 818 3054 iam
852 3013 1064 3056 edixeram
1100 3015 1294 3055 omnibus
1327 3015 1612 3071 dederantque
1644 3029 1713 3054 eas
1742 3014 1999 3070 provincias.

243 3080 342 3121 Non
373 3083 512 3123 miuus
546 3084 655 3124 sacili
698 3086 871 3140 negotio
912 3087 955 3126 in
993 3088 1137 3128 eadem
1178 3087 1392 3128 Pseudolo
1426 3103 1566 3128 veram
1599 3086 1849 3143 scripturam
1883 3093 2031 3142 poetae
2062 3085 2239 3126 reddere
2279 3085 2380 3125 miln

31 3150 176 3191 videor
205 3155 243 3192 4.
277 3156 316 3204 1,
347 3157 424 3194 41:

430 3238 516 3280 Sed
548 3256 727 3297 propera
760 3241 858 3282 mihi
890 3249 1126 3283 monstrare
1158 3241 1230 3282 uhi
1263 3242 1418 3283 ostium
1449 3240 1617 3281 lenonis
1653 3240 1831 3280 aedium.
