2563 3546
1219 150 1288 204 16

71 303 176 342 irtus
210 301 352 356 potins
385 301 443 339 sie
476 300 724 354 ponendus:
768 298 1048 350 calel'i'cri3
1091 299 1218 340 moris
1251 302 1361 340 enim
1396 301 1580 343 Plautini
1615 312 1692 353 est,
1735 305 1883 358 l'ieri,
1924 307 2121 349 fierem
2165 317 2244 351 ote,
2289 311 2427 351 medio

68 389 192 412 versu
226 373 247 416 i
281 372 439 427 primae
467 372 650 426 syllabae
683 372 912 425 corripere,
957 378 1139 409 exeunte
1172 373 1409 425 producere,
1441 381 1484 413 ut
1517 389 1595 429 pro
1627 377 1783 416 cretico
1816 378 1868 417 sit
1913 379 2057 420 fieri.
2135 381 2428 438 Exeipiendus

69 454 131 484 est
163 445 255 483 linis
288 443 451 483 iambici
485 441 713 496 septenarii
747 440 855 488 (Mil.
890 442 1007 482 Glor.
1042 446 1082 492 -l,
1117 445 1155 488 6,
1187 446 1231 492 3)
1263 451 1303 483 ct
1335 445 1535 485 trochaici
1568 447 1681 501 pleni
1709 449 1847 498 (Pers.
1876 453 1916 502 ὃ,
1948 453 1988 503 l,
2019 455 2074 498 9).
2132 451 2241 493 Hinc
2286 468 2428 493 cori-u-

69 523 164 570 ptus
196 523 258 554 est
290 515 482 555 senarius
515 513 622 552 Rud.
655 516 694 555 3,
730 515 766 563 l,
800 514 876 552 l-l:

470 593 595 638 atque
629 584 696 623 illa
730 584 870 623 animo
902 585 980 624 iam
1008 584 1122 624 t'i'eri
1148 586 1348 635 ferocior,

67 658 395 713 accipiendaque
426 655 533 695 lenis
562 655 697 694 Rei-aii
727 657 988 696 emendatio:
1020 664 1148 713 atque
1180 658 1250 698 illa
1286 658 1418 697 nimio
1461 659 1540 698 iam
1587 660 1679 701 lieri
1707 664 1907 716 ferocior,
1941 665 2112 720 (litando
2144 664 2283 705 miuus
2314 667 2428 706 satis-

69 730 162 769 l'aeit
196 728 396 767 lssotliiana
430 727 730 781 transpositio:
765 728 861 767 iam
894 729 1038 769 anim
1054 732 1093 779 o,
1125 744 1206 784 qua
1237 729 1476 769 versiculus
1511 731 1551 769 in
1584 732 1689 773 duas
1721 737 1920 791 aequales
1953 745 2096 792 partes
2130 737 2353 777 invenuste
2371 738 2428 778 di-

68 801 244 840 rimitur.
305 799 358 838 Et
390 799 523 839 Poen.
555 802 594 850 5,
626 800 666 850 2,
699 802 753 838 96

472 871 584 921 Quid
617 872 706 910 ais‘?
748 872 820 926 qni
858 872 995 926 potnit
1030 871 1137 919 fieri„
1169 881 1210 912 ut
1243 873 1488 928 Carthagini

65 944 180 998 lege:
225 943 298 981 fic
313 943 358 981 ri
398 950 450 981 nt
495 945 546 981 tu
591 943 623 981 C
637 959 656 982 a
671 944 768 982 rtb.
845 943 1084 983 Pessimum
1117 944 1242 984 ctiam
1272 944 1593 986 Lindemannus
1624 952 1904 1004 (quamquam
1938 951 2101 1005 Captix.
2145 955 2184 1003 ⁴,
2214 955 2253 1003 2,
2285 956 2338 992 63
2369 955 2423 992 ci-

62 1023 145 1055 tato
178 1013 420 1053 {lei-manno
461 1014 512 1052 ad
558 1014 705 1069 Enrip‚
734 1014 948 1054 Hecubam
974 1031 1013 1069 p.
1046 1018 1099 1053 99
1130 1015 1372 1056 observavit
1412 1018 1544 1057 l'ieri
1587 1019 1762 1074 primam
1799 1021 1840 1060 in
1870 1022 1951 1061 line
1984 1037 2133 1062 versus
2167 1023 2424 1077 producere)

61 1087 193 1125 trocli.
227 1094 318 1126 tetr.
355 1094 432 1125 eat.
464 1086 658 1140 procudit
690 1086 900 1140 Amphitr.
933 1089 973 1137 2,
1008 1089 1045 1133 l,
1072 1089 1125 1125 43
1159 1089 1290 1127 bunc:

468 1158 577 1196 Fau-1¹
610 1173 723 1196 nnnc
754 1161 797 1197 ut
831 1158 963 1197 tu-bic
997 1159 1055 1197 sis
1089 1167 1127 1198 et
1168 1159 1296 1211 domi,
1329 1159 1370 1198 id
1396 1159 1478 1200 diei
1504 1162 1618 1213 volo,

61 1232 131 1287 qui
165 1232 325 1270 inserto
360 1231 455 1270 iam
488 1230 547 1268 sic
580 1229 792 1269 sanandus
825 1237 910 1269 est:

466 1301 574 1341 Fieri
606 1318 717 1342 nnnc
746 1306 827 1342 'iam
860 1310 903 1342 tn
936 1311 980 1343 ut
1006 1303 1070 1343 bis
1103 1303 1165 1344 sic
1198 1307 1239 1344 et
1271 1304 1400 1357 domi,
1434 1304 1476 1345 id
1507 1305 1590 1345 dici
1622 1306 1736 1347 volo.

268 1374 483 1414 lnterdnm
514 1374 692 1414 lacobus
712 1375 890 1415 calidius
910 1390 1034 1430 (piam
1056 1376 1368 1417 consideratius
1390 1377 1440 1417 ad
1468 1377 1758 1419 coniecturam
1778 1379 2025 1433 confugisse
2049 1381 2228 1432 videtur,
2258 1388 2299 1422 nt
2326 1398 2417 1423 cnm

58 1464 133 1503 pro
168 1449 244 1487 hac
274 1446 479 1501 Vulgatae
511 1455 549 1486 et
580 1447 772 1486 codicum
805 1448 1012 1502 scriptura
1046 1449 1085 1499 1,
1116 1449 1156 1499 2,
1189 1451 1236 1487 6:

464 1519 547 1570 Qui
580 1519 784 1570 invident,
817 1522 966 1559 omnes
998 1519 1195 1559 inimicos
1229 1519 1331 1559 mihi
1365 1523 1472 1560 istoc
1505 1522 1614 1561 l'acto
1648 1522 1817 1578 repperi

57 1592 215 1632 invenit
247 1591 353 1630 hane
385 1590 517 1645 prima
550 1591 690 1645 specie
723 1607 825 1630 sane
850 1591 1076 1631 admodum
1110 1591 1514 1632 commendabilem:
1548 1592 1692 1645 Quin
1724 1593 1903 1645 viden,
1947 1601 2001 1633 ut
2026 1610 2102 1633 om
2118 1609 2208 1634 ncs
2240 1595 2372 1636 inim
2388 1600 2415 1635 i-

54 1680 146 1703 cos
179 1671 255 1702 ete.
289 1662 366 1702 etsi
400 1669 649 1702 accentuum
683 1663 788 1702 ratio
823 1662 878 1702 ita
911 1662 1037 1702 scribi
1069 1662 1264 1703 iubebat:
1327 1664 1441 1715 Quin
1474 1665 1618 1718 viden,
1651 1668 1799 1705 onmes
1830 1669 1877 1705 ιἰῑ
1908 1665 1963 1706 mi
1995 1665 2189 1705 inimicos
2219 1674 2294 1706 etc.
2329 1666 2414 1707 Sed

54 1754 73 1776 a
106 1735 316 1774 sententia
350 1734 492 1773 lacobi
527 1735 632 1773 ratio
666 1735 912 1789 nentiquam
944 1735 1104 1775 admitti
1133 1742 1290 1789 potest.
1376 1735 1420 1774 Si
1463 1735 1577 1774 enim
1620 1737 1808 1791 qnaeris,
1842 1736 2018 1790 quinam
2056 1736 2092 1774 ci
2128 1736 2285 1776 inimici
2315 1738 2413 1777 sacti

54 1809 139 1848 sint
169 1814 345 1862 propter
374 1806 553 1860 puellam
587 1821 637 1843 ex
668 1805 826 1859 praeda
855 1812 1020 1855 emtam,
1046 1820 1192 1843 corum
1224 1805 1410 1859 quidem,
1443 1820 1627 1859 quornm
1658 1815 1757 1846 sunt
1799 1807 1841 1845 in
1874 1808 1950 1847 bac
1983 1807 2120 1848 sabula
2150 1815 2289 1862 partes
2322 1809 2412 1859 (alii

53 1881 164 1920 enim
195 1876 426 1933 significari
453 1892 538 1915 non
570 1882 785 1931 possunt),
819 1876 962 1915 nullus
995 1876 1172 1929 eogitari
1205 1882 1369 1931 potest:
1404 1891 1554 1915 omncs
1589 1878 1701 1917 enim
1734 1893 1823 1918 cam
1854 1894 1941 1917 rem
1961 1877 2212 1918 nesciebant
2244 1886 2412 1933 praeter

51 1950 289 2006 Epidicum,
323 1949 393 2003 qui
425 1947 632 1987 insciente
663 1947 948 2002 Stratippocle
981 1965 1001 1987 a
1035 1947 1309 2002 Thespi-ione
1341 1947 1516 1987 edoctus
1549 1956 1650 1999 erat,
1690 1948 1810 1988 cuius
1850 1949 2020 2003 quidem
2060 1949 2323 1989 inimicitiam
2366 1950 2409 1989 in

50 2025 127 2063 hac
159 2023 248 2077 ipsa
281 2036 405 2060 scena
437 2019 555 2059 vides
589 2020 734 2075 quanti
766 2019 887 2060 l'aciat
917 2019 999 2059 ille..
1084 2018 1213 2073 'gitur
1249 2034 1328 2059 nec
1359 2027 1490 2074 pater,
1524 2035 1601 2059 nec
1632 2020 1893 2074 Apoecides,
1935 2035 2013 2060 uec
2041 2021 2267 2076 qnisquam
2300 2022 2409 2062 alius

50 2095 116 2134 liic
147 2111 168 2135 a
198 2092 480 2147 Stratippocle
512 2091 591 2131 dici
623 2098 777 2146 potest.
833 2091 867 2131 li
899 2091 1042 2146 potius
1076 2091 1113 2131 ei
1142 2091 1300 2131 inimici
1334 2091 1429 2131 l'aeti
1463 2099 1595 2143 erant,
1643 2092 1713 2147 qni
1747 2091 2083 2131 invidebant
2126 2092 2163 2131 ci
2204 2100 2286 2132 tam
2317 2094 2408 2148 pul-

50 2182 161 2206 cram
193 2173 233 2204 ct
264 2164 478 2204 liberalem
511 2164 706 2218 puellam,
740 2163 765 2203 i.
799 2179 833 2203 e..
867 2164 1069 2219 aequales
1096 2171 1136 2203 et
1168 2163 1511 2215 contubernales,
1552 2162 1806 2218 quibuscum
1848 2163 1960 2218 apud
1998 2164 2212 2217 legionem
2255 2165 2407 2217 l'uerat,

50 2252 231 2293 quornm
266 2235 407 2275 odium
440 2242 479 2274 ct
512 2235 712 2276 invidiam
741 2236 832 2275 sinc
865 2235 993 2275 dnbio
1036 2236 1117 2275 iam
1151 2243 1271 2276 antea
1306 2234 1562 2275 Chaeribulo
1594 2242 1913 2286 memoraverat,
1952 2235 2102 2290 incipit
2144 2236 2255 2275 enim
2291 2251 2328 2276 v.
2368 2240 2406 2279 l.

49 2312 155 2349 rem
189 2307 290 2348 tibi
328 2322 440 2346 snm
472 2307 730 2346 clocutus
763 2322 981 2355 omnem,
1024 2322 1278 2362 (piamquam
1312 2308 1392 2346 hoc
1424 2307 1651 2362 praecipue
1685 2306 1735 2345 ad
1773 2310 2053 2361 argentariam
2083 2307 2269 2363 inopiam
2314 2324 2406 2364 spe-

49 2388 161 2422 ctare
191 2379 384 2435 proxima
418 2378 631 2418 evincunt.
695 2377 765 2418 Sic
798 2378 900 2419 satis
933 2379 1033 2419 milii
1068 2379 1216 2418 videor
1234 2378 1439 2419 librorum
1471 2379 1718 2418 memoriam
1749 2378 2008 2418 defendisse.
2040 2378 2236 2420 Factos
2267 2387 2405 2421 tamen

47 2452 220 2508 requiro
253 2459 296 2491 nt
338 2451 483 2490 istoc
523 2450 720 2490 absolute
752 2451 896 2491 eadem
928 2450 966 2490 vi
1001 2451 1054 2491 sit
1084 2466 1164 2506 qua
1197 2466 1235 2492 v.
1267 2453 1293 2491 8
1330 2452 1428 2491 iam
1466 2454 1610 2490 istoc
1638 2449 1817 2505 probior
1849 2454 1893 2491 cs
1923 2466 2018 2491 mco
2048 2450 2218 2506 quidem
2250 2452 2405 2504 animo,

49 2527 178 2579 quom
212 2523 255 2562 in
282 2538 424 2564 amore
451 2526 677 2577 temperes.

248 2594 400 2649 Epid.
461 2598 501 2644 3,
558 2596 599 2645 2,
656 2593 706 2633 21
767 2594 934 2634 landem
991 2594 1143 2634 meruit
1201 2594 1396 2647 lacobus,
1461 2593 1576 2650 quod
1639 2595 1681 2633 in
1740 2595 1835 2635 loco
1905 2593 2069 2635 difficili
2129 2595 2206 2635 etsi
2257 2611 2401 2636 verum

48 2683 133 2707 non
176 2666 351 2716 invenit,
401 2673 583 2705 attamen
631 2665 735 2721 quid
790 2673 1084 2720 argumentum
1133 2666 1299 2707 fabulae
1347 2673 1403 2721 et„
1435 2666 1743 2706 sententiarum
1793 2667 1898 2706 ordo
1943 2667 2191 2722 postularet,
2238 2667 2291 2707 ita
2332 2682 2399 2707 ex·

46 2738 217 2795 pedivit,
252 2745 294 2776 ut
329 2745 424 2791 post
442 2752 535 2776 cum
569 2753 714 2776 verum
737 2737 932 2776 invenire
965 2752 1050 2775 non
1084 2737 1257 2778 diss'icilc
1291 2746 1414 2777 esset.
1468 2737 1675 2790 Etenim,
1700 2738 1907 2793 quoniam
1940 2739 2064 2777 huius
2095 2753 2240 2777 versus
2272 2738 2399 2779 inter-

46 2811 223 2867 pretatio
256 2824 305 2848 ex
337 2809 466 2848 totins
501 2808 666 2849 fabulae
698 2816 949 2863 argumento
985 2825 1089 2849 nexa
1123 2817 1201 2861 est,
1227 2810 1367 2864 paullo
1398 2810 1522 2850 altius
1554 2825 1643 2849 rem
1674 2816 1878 2865 repetam,
1917 2809 2224 2865 Stratippocles
2263 2810 2398 2865 prius-

44 2899 168 2939 quam
202 2882 253 2922 ad
288 2880 502 2935 legionem
533 2881 680 2929 abiret,
714 2881 981 2921 mandaverat
1011 2880 1210 2936 Epidico,
1253 2889 1297 2921 nt
1336 2881 1545 2922 lidicinam
1581 2882 1790 2936 quandam
1825 2881 1874 2922 ab
1914 2881 2070 2921 lenone
2112 2881 2194 2921 sibi
2225 2890 2397 2934 emeret,

44 2954 157 3010 quod
189 2968 282 2993 cum
314 2968 366 2991 ex
396 2952 456 2991 cri
488 2951 698 2992 sententia
734 2951 789 2992 ita
821 2952 1086 3007 perfecisset,
1121 2960 1165 2992 nt
1192 2969 1268 3008 pro
1301 2953 1384 2992 lilia
1418 2953 1564 2993 senilis
1595 2953 1769 2993 ericam
1798 2953 2110 3009 supposuisset,
2144 2966 2241 2992 ecee
2261 2952 2401 3003 Thes-q

43 3026 133 3082 prio
166 3025 216 3066 ab
249 3024 435 3063 exercitu
465 3023 599 3062 redux
631 3024 752 3063 docet
784 3039 893 3076 cnm,
940 3024 999 3063 eri
1032 3041 1218 3082 amofcm
1261 3026 1399 3065 locum
1442 3025 1670 3065 mutavisse
1713 3025 1918 3080 illumque
1955 3023 2261 3079 lepidissimam
2313 3023 2396 3065 sibi

42 3097 245 3152 captivam
275 3096 325 3135 dc
357 3095 510 3150 pracda
543 3102 771 3135 mercatum
804 3110 912 3134 esse.
983 3095 1065 3135 lam
1096 3096 1301 3152 Epidicus
1343 3097 1472 3137 tantis
1504 3097 1601 3136 mali
1643 3095 1861 3136 montibus
1902 3093 2183 3146 irruentibus,
2223 3110 2310 3150 quo
2349 3110 2395 3135 se,

40 3176 172 3209 vertat
203 3166 391 3218 nescius,
417 3181 559 3205 seeum
589 3182 677 3206 rem
707 3167 883 3207 volvens
915 3166 958 3206 id
987 3168 1157 3207 tandem
1187 3168 1356 3208 consilii
1391 3167 1515 3223 capit,
1558 3175 1601 3207 nt
1640 3168 1779 3223 ipsum
1812 3167 2111 3222 Stratippoclis
2137 3173 2300 3222 patrem
2332 3180 2393 3207 ar-

40 3247 170 3295 gento
203 3239 372 3293 (fenore
404 3238 515 3277 enim
542 3237 707 3278 Thebis
737 3246 977 3293 sumpserat
1007 3238 1314 3295 Stratippocles
1347 3238 1628 3294 qnadraginta
1666 3240 1801 3278 minas
1833 3255 1911 3294 pro
1955 3239 2116 3294 captiva
2159 3237 2231 3279 illa
2272 3237 2391 3278 dinu-

40 3318 234 3353 moratas.
258 3324 364 3366 quae
397 3309 477 3348 iam
510 3309 752 3350 reddendae
783 3317 900 3351 crant
931 3308 1184 3366 Epidicique
1224 3327 1304 3366 ope
1341 3319 1379 3350 ct
1410 3325 1536 3365 opera
1571 3310 1877 3360 inveniendae)
1912 3309 2234 3350 circumducere
2266 3324 2391 3350 cone-
