<?xml version="1.0" encoding="UTF-8"?>
<!DOCTYPE html PUBLIC "-//W3C//DTD XHTML 1.0 Transitional//EN"
    "http://www.w3.org/TR/xhtml1/DTD/xhtml1-transitional.dtd">
<html xmlns="http://www.w3.org/1999/xhtml" xml:lang="en" lang="en">
 <head>
  <title>
</title>
<meta http-equiv="Content-Type" content="text/html;charset=utf-8" />
  <meta name='ocr-system' content='tesseract 3.04.00' />
  <meta name='ocr-capabilities' content='ocr_page ocr_carea ocr_par ocr_line ocrx_word'/>
</head>
<body>
  <div class='ocr_page' id='page_1' title='image "./emendationesplau00brixuoft_0027.png"; bbox 0 0 2574 3524; ppageno 0'>
   <div class='ocr_carea' id='block_1_1' title="bbox 1328 113 1395 168">
    <p class='ocr_par' dir='ltr' id='par_1_1' title="bbox 1328 113 1395 168">
     <span class='ocr_line' id='line_1_1' title="bbox 1328 113 1395 168; baseline 0 0"><span class='ocrx_word' id='word_1_1' title='bbox 1328 113 1395 168; x_wconf 73' lang='lat'>17</span> 
     </span>
    </p>
   </div>
   <div class='ocr_carea' id='block_1_2' title="bbox 1245 188 1441 199">
    <p class='ocr_par' dir='ltr' id='par_1_2' title="bbox 1245 188 1441 199">
     <span class='ocr_line' id='line_1_2' title="bbox 1245 188 1441 199; baseline 0 0"><span class='ocrx_word' id='word_1_2' title='bbox 1245 188 1441 199; x_wconf 95' lang='lat' dir='ltr'> </span> 
     </span>
    </p>
   </div>
   <div class='ocr_carea' id='block_1_3' title="bbox 160 263 2518 2821">
    <p class='ocr_par' dir='ltr' id='par_1_3' title="bbox 160 263 2518 2821">
     <span class='ocr_line' id='line_1_3' title="bbox 179 263 2515 320; baseline -0.003 -9"><span class='ocrx_word' id='word_1_3' title='bbox 179 279 258 311; x_wconf 83' lang='lat' dir='ltr'>tur.</span> <span class='ocrx_word' id='word_1_4' title='bbox 328 267 558 308; x_wconf 75' lang='lat' dir='ltr'>Pet-suadet</span> <span class='ocrx_word' id='word_1_5' title='bbox 599 266 726 319; x_wconf 68' lang='lat' dir='ltr'>igitur</span> <span class='ocrx_word' id='word_1_6' title='bbox 764 266 856 306; x_wconf 87' lang='lat' dir='ltr'>seni</span> <span class='ocrx_word' id='word_1_7' title='bbox 883 273 928 304; x_wconf 89' lang='lat' dir='ltr'>ut</span> <span class='ocrx_word' id='word_1_8' title='bbox 966 265 1168 304; x_wconf 86' lang='lat' dir='ltr'>continuo</span> <span class='ocrx_word' id='word_1_9' title='bbox 1203 278 1377 304; x_wconf 83' lang='lat' dir='ltr'>uxorem</span> <span class='ocrx_word' id='word_1_10' title='bbox 1405 263 1490 303; x_wconf 88' lang='lat' dir='ltr'>lilio</span> <span class='ocrx_word' id='word_1_11' title='bbox 1521 264 1589 303; x_wconf 85' lang='lat' dir='ltr'>det</span> <span class='ocrx_word' id='word_1_12' title='bbox 1621 263 1933 317; x_wconf 81' lang='lat' dir='ltr'>lidicinamque.</span> <span class='ocrx_word' id='word_1_13' title='bbox 1983 277 2088 317; x_wconf 82' lang='lat' dir='ltr'>quac</span> <span class='ocrx_word' id='word_1_14' title='bbox 2130 264 2253 304; x_wconf 85' lang='lat' dir='ltr'>liliam</span> <span class='ocrx_word' id='word_1_15' title='bbox 2295 280 2316 305; x_wconf 86' lang='lat' dir='ltr'>a</span> <span class='ocrx_word' id='word_1_16' title='bbox 2359 267 2515 320; x_wconf 84' lang='lat' dir='ltr'>nuptiis</span> 
     </span>
     <span class='ocr_line' id='line_1_4' title="bbox 179 334 2516 394; baseline -0.002 -12"><span class='ocrx_word' id='word_1_17' title='bbox 179 341 408 385; x_wconf 65' lang='lat' dir='ltr'>abstrahat„</span> <span class='ocrx_word' id='word_1_18' title='bbox 441 345 749 394; x_wconf 88' lang='lat' dir='ltr'>praemercetur</span> <span class='ocrx_word' id='word_1_19' title='bbox 782 338 854 377; x_wconf 89' lang='lat' dir='ltr'>illi.</span> <span class='ocrx_word' id='word_1_20' title='bbox 915 336 972 376; x_wconf 83' lang='lat' dir='ltr'>lta</span> <span class='ocrx_word' id='word_1_21' title='bbox 1003 354 1024 377; x_wconf 84' lang='lat' dir='ltr'>a</span> <span class='ocrx_word' id='word_1_22' title='bbox 1048 337 1225 392; x_wconf 88' lang='lat' dir='ltr'>decepto</span> <span class='ocrx_word' id='word_1_23' title='bbox 1245 351 1345 376; x_wconf 85' lang='lat' dir='ltr'>sene</span> <span class='ocrx_word' id='word_1_24' title='bbox 1378 344 1599 389; x_wconf 71' lang='lat' dir='ltr'>argentum</span> <span class='ocrx_word' id='word_1_25' title='bbox 1631 334 1781 389; x_wconf 71' lang='lat' dir='ltr'>acc-ipit</span> <span class='ocrx_word' id='word_1_26' title='bbox 1811 334 1860 373; x_wconf 75' lang='lat' dir='ltr'>ad</span> <span class='ocrx_word' id='word_1_27' title='bbox 1884 335 2102 375; x_wconf 78' lang='lat' dir='ltr'>emendam</span> <span class='ocrx_word' id='word_1_28' title='bbox 2138 337 2361 377; x_wconf 78' lang='lat' dir='ltr'>fidicinam.</span> <span class='ocrx_word' id='word_1_29' title='bbox 2393 353 2516 393; x_wconf 79' lang='lat' dir='ltr'>quam</span> 
     </span>
     <span class='ocr_line' id='line_1_5' title="bbox 179 406 2514 461; baseline -0 -10"><span class='ocrx_word' id='word_1_30' title='bbox 179 411 337 452; x_wconf 88' lang='lat' dir='ltr'>dudum</span> <span class='ocrx_word' id='word_1_31' title='bbox 369 411 411 450; x_wconf 90' lang='lat' dir='ltr'>in</span> <span class='ocrx_word' id='word_1_32' title='bbox 442 411 613 450; x_wconf 92' lang='lat' dir='ltr'>domum</span> <span class='ocrx_word' id='word_1_33' title='bbox 644 409 760 449; x_wconf 83' lang='lat' dir='ltr'>senis</span> <span class='ocrx_word' id='word_1_34' title='bbox 792 409 900 448; x_wconf 76' lang='lat' dir='ltr'>[iliae</span> <span class='ocrx_word' id='word_1_35' title='bbox 931 409 1024 448; x_wconf 89' lang='lat' dir='ltr'>loco</span> <span class='ocrx_word' id='word_1_36' title='bbox 1055 408 1299 448; x_wconf 66' lang='lat' dir='ltr'>adduxerat.</span> <span class='ocrx_word' id='word_1_37' title='bbox 1376 406 1468 447; x_wconf 81' lang='lat' dir='ltr'>lloc</span> <span class='ocrx_word' id='word_1_38' title='bbox 1499 407 1624 461; x_wconf 65' lang='lat' dir='ltr'>igitur</span> <span class='ocrx_word' id='word_1_39' title='bbox 1655 406 1804 446; x_wconf 86' lang='lat' dir='ltr'>callide</span> <span class='ocrx_word' id='word_1_40' title='bbox 1835 406 2051 446; x_wconf 74' lang='lat' dir='ltr'>inventum</span> <span class='ocrx_word' id='word_1_41' title='bbox 2083 417 2301 461; x_wconf 63' lang='lat' dir='ltr'>argentum</span> <span class='ocrx_word' id='word_1_42' title='bbox 2330 410 2514 450; x_wconf 88' lang='lat' dir='ltr'>redditu-</span> 
     </span>
     <span class='ocr_line' id='line_1_6' title="bbox 180 477 2517 535; baseline 0 -13"><span class='ocrx_word' id='word_1_43' title='bbox 180 498 250 522; x_wconf 85' lang='lat' dir='ltr'>rus</span> <span class='ocrx_word' id='word_1_44' title='bbox 283 490 347 521; x_wconf 84' lang='lat' dir='ltr'>est</span> <span class='ocrx_word' id='word_1_45' title='bbox 379 483 581 524; x_wconf 81' lang='lat' dir='ltr'>danistae..</span> <span class='ocrx_word' id='word_1_46' title='bbox 612 480 682 535; x_wconf 81' lang='lat' dir='ltr'>qui</span> <span class='ocrx_word' id='word_1_47' title='bbox 715 479 901 519; x_wconf 87' lang='lat' dir='ltr'>debitum</span> <span class='ocrx_word' id='word_1_48' title='bbox 929 479 1216 534; x_wconf 78' lang='lat' dir='ltr'>postulaturus</span> <span class='ocrx_word' id='word_1_49' title='bbox 1250 494 1342 518; x_wconf 87' lang='lat' dir='ltr'>cum</span> <span class='ocrx_word' id='word_1_50' title='bbox 1375 478 1661 533; x_wconf 73' lang='lat' dir='ltr'>Stratippocle</span> <span class='ocrx_word' id='word_1_51' title='bbox 1687 477 1739 516; x_wconf 76' lang='lat' dir='ltr'>al»</span> <span class='ocrx_word' id='word_1_52' title='bbox 1773 477 1959 517; x_wconf 73' lang='lat' dir='ltr'>exercitu</span> <span class='ocrx_word' id='word_1_53' title='bbox 1991 486 2175 518; x_wconf 73' lang='lat' dir='ltr'>venerat.</span> <span class='ocrx_word' id='word_1_54' title='bbox 2228 479 2292 519; x_wconf 83' lang='lat' dir='ltr'>De</span> <span class='ocrx_word' id='word_1_55' title='bbox 2313 481 2376 519; x_wconf 77' lang='lat' dir='ltr'>liis</span> <span class='ocrx_word' id='word_1_56' title='bbox 2403 497 2517 522; x_wconf 89' lang='lat' dir='ltr'>nnnc</span> 
     </span>
     <span class='ocr_line' id='line_1_7' title="bbox 177 549 2516 606; baseline -0.004 -13"><span class='ocrx_word' id='word_1_57' title='bbox 177 553 370 598; x_wconf 66' lang='lat' dir='ltr'>fallaciis,</span> <span class='ocrx_word' id='word_1_58' title='bbox 402 553 452 592; x_wconf 87' lang='lat' dir='ltr'>dc</span> <span class='ocrx_word' id='word_1_59' title='bbox 484 554 562 591; x_wconf 83' lang='lat' dir='ltr'>hoc</span> <span class='ocrx_word' id='word_1_60' title='bbox 593 551 692 590; x_wconf 85' lang='lat' dir='ltr'>dolo</span> <span class='ocrx_word' id='word_1_61' title='bbox 725 550 863 604; x_wconf 74' lang='lat' dir='ltr'>agitur</span> <span class='ocrx_word' id='word_1_62' title='bbox 891 550 931 589; x_wconf 92' lang='lat' dir='ltr'>in</span> <span class='ocrx_word' id='word_1_63' title='bbox 965 565 1015 588; x_wconf 90' lang='lat' dir='ltr'>eo</span> <span class='ocrx_word' id='word_1_64' title='bbox 1044 549 1154 600; x_wconf 73' lang='lat' dir='ltr'>loco,</span> <span class='ocrx_word' id='word_1_65' title='bbox 1186 550 1236 590; x_wconf 89' lang='lat' dir='ltr'>ad</span> <span class='ocrx_word' id='word_1_66' title='bbox 1269 564 1395 604; x_wconf 89' lang='lat' dir='ltr'>quem</span> <span class='ocrx_word' id='word_1_67' title='bbox 1428 550 1610 604; x_wconf 73' lang='lat' dir='ltr'>pertinet</span> <span class='ocrx_word' id='word_1_68' title='bbox 1641 563 1786 588; x_wconf 72' lang='lat' dir='ltr'>versus</span> <span class='ocrx_word' id='word_1_69' title='bbox 1820 563 1945 603; x_wconf 80' lang='lat' dir='ltr'>supra</span> <span class='ocrx_word' id='word_1_70' title='bbox 1978 549 2255 604; x_wconf 70' lang='lat' dir='ltr'>signiliffltus.</span> <span class='ocrx_word' id='word_1_71' title='bbox 2297 566 2381 606; x_wconf 81' lang='lat' dir='ltr'>quo</span> <span class='ocrx_word' id='word_1_72' title='bbox 2425 555 2516 593; x_wconf 82' lang='lat' dir='ltr'>rati-</span> 
     </span>
     <span class='ocr_line' id='line_1_8' title="bbox 176 619 1775 677; baseline -0.003 -14"><span class='ocrx_word' id='word_1_73' title='bbox 176 639 299 665; x_wconf 84' lang='lat' dir='ltr'>onem</span> <span class='ocrx_word' id='word_1_74' title='bbox 333 625 447 664; x_wconf 74' lang='lat' dir='ltr'>senis</span> <span class='ocrx_word' id='word_1_75' title='bbox 480 621 716 677; x_wconf 80' lang='lat' dir='ltr'>decipiendi</span> <span class='ocrx_word' id='word_1_76' title='bbox 749 637 864 662; x_wconf 84' lang='lat' dir='ltr'>suam</span> <span class='ocrx_word' id='word_1_77' title='bbox 895 621 1169 676; x_wconf 75' lang='lat' dir='ltr'>Stratippocli</span> <span class='ocrx_word' id='word_1_78' title='bbox 1198 620 1374 676; x_wconf 71' lang='lat' dir='ltr'>exponit</span> <span class='ocrx_word' id='word_1_79' title='bbox 1406 635 1551 659; x_wconf 76' lang='lat' dir='ltr'>seruis</span> <span class='ocrx_word' id='word_1_80' title='bbox 1585 619 1775 659; x_wconf 77' lang='lat' dir='ltr'>callidus.</span> 
     </span>
     <span class='ocr_line' id='line_1_9' title="bbox 582 690 2096 749; baseline -0.001 -17"><span class='ocrx_word' id='word_1_81' title='bbox 582 708 646 749; x_wconf 72' lang='lat' dir='ltr'>Ep,</span> <span class='ocrx_word' id='word_1_82' title='bbox 674 690 797 732; x_wconf 70' lang='lat' dir='ltr'>Nunc</span> <span class='ocrx_word' id='word_1_83' title='bbox 827 697 974 732; x_wconf 77' lang='lat' dir='ltr'>iterum</span> <span class='ocrx_word' id='word_1_84' title='bbox 1003 700 1047 731; x_wconf 91' lang='lat' dir='ltr'>ut</span> <span class='ocrx_word' id='word_1_85' title='bbox 1079 692 1244 732; x_wconf 76' lang='lat' dir='ltr'>fallatur</span> <span class='ocrx_word' id='word_1_86' title='bbox 1274 698 1407 746; x_wconf 70' lang='lat' dir='ltr'>pater7</span> <span class='ocrx_word' id='word_1_87' title='bbox 1440 691 1600 746; x_wconf 69' lang='lat' dir='ltr'>tibique</span> <span class='ocrx_word' id='word_1_88' title='bbox 1625 690 1825 730; x_wconf 73' lang='lat' dir='ltr'>auxilium</span> <span class='ocrx_word' id='word_1_89' title='bbox 1855 696 2096 746; x_wconf 64' lang='lat' dir='ltr'>apparetur.</span> 
     </span>
     <span class='ocr_line' id='line_1_10' title="bbox 577 761 1972 817; baseline -0.003 -13"><span class='ocrx_word' id='word_1_90' title='bbox 577 764 723 804; x_wconf 71' lang='lat' dir='ltr'>lnve&#39;ni</span> <span class='ocrx_word' id='word_1_91' title='bbox 754 764 847 804; x_wconf 85' lang='lat' dir='ltr'>iam.</span> <span class='ocrx_word' id='word_1_92' title='bbox 910 764 966 804; x_wconf 87' lang='lat' dir='ltr'>lta</span> <span class='ocrx_word' id='word_1_93' title='bbox 1000 768 1112 804; x_wconf 77' lang='lat' dir='ltr'>suasi</span> <span class='ocrx_word' id='word_1_94' title='bbox 1144 764 1234 803; x_wconf 86' lang='lat' dir='ltr'>seni</span> <span class='ocrx_word' id='word_1_95' title='bbox 1268 770 1396 817; x_wconf 82' lang='lat' dir='ltr'>atque</span> <span class='ocrx_word' id='word_1_96' title='bbox 1427 763 1534 802; x_wconf 86' lang='lat' dir='ltr'>hanc</span> <span class='ocrx_word' id='word_1_97' title='bbox 1565 761 1691 800; x_wconf 68' lang='lat' dir='ltr'>habui</span> <span class='ocrx_word' id='word_1_98' title='bbox 1724 762 1972 801; x_wconf 83' lang='lat' dir='ltr'>orationem.</span> 
     </span>
     <span class='ocr_line' id='line_1_11' title="bbox 585 832 1991 891; baseline -0.004 -16"><span class='ocrx_word' id='word_1_99' title='bbox 585 836 652 887; x_wconf 68' lang='lat' dir='ltr'>U,</span> <span class='ocrx_word' id='word_1_100' title='bbox 683 839 808 891; x_wconf 77' lang='lat' dir='ltr'>quom</span> <span class='ocrx_word' id='word_1_101' title='bbox 842 836 1042 880; x_wconf 78' lang='lat' dir='ltr'>redisses..</span> <span class='ocrx_word' id='word_1_102' title='bbox 1069 839 1120 874; x_wconf 85' lang='lat' dir='ltr'>ne&#39;</span> <span class='ocrx_word' id='word_1_103' title='bbox 1153 835 1227 874; x_wconf 86' lang='lat' dir='ltr'>tibi</span> <span class='ocrx_word' id='word_1_104' title='bbox 1261 835 1351 874; x_wconf 84' lang='lat' dir='ltr'>eius</span> <span class='ocrx_word' id='word_1_105' title='bbox 1384 834 1501 889; x_wconf 71' lang='lat' dir='ltr'>copia</span> <span class='ocrx_word' id='word_1_106' title='bbox 1534 840 1646 873; x_wconf 80' lang='lat' dir='ltr'>esset</span> <span class='ocrx_word' id='word_1_107' title='bbox 1677 857 1729 861; x_wconf 89' lang='lat'>—</span> <span class='ocrx_word' id='word_1_108' title='bbox 1763 846 1832 880; x_wconf 80' lang='lat' dir='ltr'>Str.</span> <span class='ocrx_word' id='word_1_109' title='bbox 1861 832 1991 886; x_wconf 69' lang='lat' dir='ltr'>Euge.</span> 
     </span>
     <span class='ocr_line' id='line_1_12' title="bbox 581 903 2101 963; baseline -0.003 -16"><span class='ocrx_word' id='word_1_110' title='bbox 581 921 644 963; x_wconf 70' lang='lat' dir='ltr'>Ep,</span> <span class='ocrx_word' id='word_1_111' title='bbox 675 908 732 947; x_wconf 76' lang='lat' dir='ltr'>Ea</span> <span class='ocrx_word' id='word_1_112' title='bbox 765 908 842 947; x_wconf 85' lang='lat' dir='ltr'>iam</span> <span class='ocrx_word' id='word_1_113' title='bbox 874 907 1031 946; x_wconf 87' lang='lat' dir='ltr'>domist</span> <span class='ocrx_word' id='word_1_114' title='bbox 1062 922 1138 961; x_wconf 91' lang='lat' dir='ltr'>pro</span> <span class='ocrx_word' id='word_1_115' title='bbox 1172 907 1253 946; x_wconf 86' lang='lat' dir='ltr'>illa.</span> <span class='ocrx_word' id='word_1_116' title='bbox 1315 918 1389 952; x_wconf 83' lang='lat' dir='ltr'>Str.</span> <span class='ocrx_word' id='word_1_117' title='bbox 1408 904 1574 945; x_wconf 85' lang='lat' dir='ltr'>Teneo.</span> <span class='ocrx_word' id='word_1_118' title='bbox 1634 903 1849 959; x_wconf 69' lang='lat' dir='ltr'>Ep‚-Nunc</span> <span class='ocrx_word' id='word_1_119' title='bbox 1889 912 2101 944; x_wconf 81' lang='lat' dir='ltr'>auctorem</span> 
     </span>
     <span class='ocr_line' id='line_1_13' title="bbox 575 976 2171 1033; baseline -0.003 -13"><span class='ocrx_word' id='word_1_120' title='bbox 575 980 702 1022; x_wconf 76' lang='lat' dir='ltr'>Dedit</span> <span class='ocrx_word' id='word_1_121' title='bbox 732 979 788 1019; x_wconf 90' lang='lat' dir='ltr'>mi</span> <span class='ocrx_word' id='word_1_122' title='bbox 817 979 867 1020; x_wconf 85' lang='lat' dir='ltr'>ad</span> <span class='ocrx_word' id='word_1_123' title='bbox 899 980 1006 1019; x_wconf 87' lang='lat' dir='ltr'>hanc</span> <span class='ocrx_word' id='word_1_124' title='bbox 1037 993 1125 1018; x_wconf 89' lang='lat' dir='ltr'>rem</span> <span class='ocrx_word' id='word_1_125' title='bbox 1156 977 1431 1033; x_wconf 69' lang='lat' dir='ltr'>Apoecidem.</span> <span class='ocrx_word' id='word_1_126' title='bbox 1493 976 1531 1016; x_wconf 88' lang='lat' dir='ltr'>ls</span> <span class='ocrx_word' id='word_1_127' title='bbox 1562 976 1670 1031; x_wconf 70' lang='lat' dir='ltr'>apud</span> <span class='ocrx_word' id='word_1_128' title='bbox 1701 977 1840 1016; x_wconf 85' lang='lat' dir='ltr'>sorum</span> <span class='ocrx_word' id='word_1_129' title='bbox 1872 980 2009 1014; x_wconf 66' lang='lat' dir='ltr'>manet</span> <span class='ocrx_word' id='word_1_130' title='bbox 2042 991 2121 1015; x_wconf 90' lang='lat' dir='ltr'>mc.</span> <span class='ocrx_word' id='word_1_131' title='bbox 2141 977 2171 1026; x_wconf 75' lang='grc'>9)</span> 
     </span>
     <span class='ocr_line' id='line_1_14' title="bbox 175 1047 2518 1109; baseline -0.003 -15"><span class='ocrx_word' id='word_1_132' title='bbox 175 1055 255 1096; x_wconf 88' lang='lat' dir='ltr'>lam</span> <span class='ocrx_word' id='word_1_133' title='bbox 286 1054 461 1094; x_wconf 75' lang='lat' dir='ltr'>lacobus</span> <span class='ocrx_word' id='word_1_134' title='bbox 495 1068 569 1109; x_wconf 85' lang='lat' dir='ltr'>pro</span> <span class='ocrx_word' id='word_1_135' title='bbox 603 1068 653 1093; x_wconf 90' lang='lat' dir='ltr'>co</span> <span class='ocrx_word' id='word_1_136' title='bbox 685 1068 829 1096; x_wconf 68' lang='lat' dir='ltr'>versu,</span> <span class='ocrx_word' id='word_1_137' title='bbox 861 1067 987 1107; x_wconf 82' lang='lat' dir='ltr'>quem</span> <span class='ocrx_word' id='word_1_138' title='bbox 1017 1066 1067 1091; x_wconf 77' lang='lat' dir='ltr'>ex</span> <span class='ocrx_word' id='word_1_139' title='bbox 1100 1050 1307 1090; x_wconf 85' lang='lat' dir='ltr'>librorum</span> <span class='ocrx_word' id='word_1_140' title='bbox 1339 1048 1542 1088; x_wconf 86' lang='lat' dir='ltr'>memoria</span> <span class='ocrx_word' id='word_1_141' title='bbox 1575 1048 1667 1088; x_wconf 89' lang='lat' dir='ltr'>sine</span> <span class='ocrx_word' id='word_1_142' title='bbox 1696 1047 1881 1086; x_wconf 86' lang='lat' dir='ltr'>numeris</span> <span class='ocrx_word' id='word_1_143' title='bbox 1914 1054 1955 1086; x_wconf 91' lang='lat' dir='ltr'>ct</span> <span class='ocrx_word' id='word_1_144' title='bbox 1988 1047 2140 1086; x_wconf 69' lang='lat' dir='ltr'>ictibus</span> <span class='ocrx_word' id='word_1_145' title='bbox 2174 1048 2284 1099; x_wconf 68' lang='lat' dir='ltr'>‹li-(li.</span> <span class='ocrx_word' id='word_1_146' title='bbox 2326 1050 2434 1087; x_wconf 71' lang='lat' dir='ltr'>liuni-</span> <span class='ocrx_word' id='word_1_147' title='bbox 2466 1050 2518 1089; x_wconf 82' lang='lat' dir='ltr'>de</span> 
     </span>
     <span class='ocr_line' id='line_1_15' title="bbox 174 1125 498 1166; baseline -0.006 -1"><span class='ocrx_word' id='word_1_148' title='bbox 174 1141 250 1166; x_wconf 83' lang='lat' dir='ltr'>suo</span> <span class='ocrx_word' id='word_1_149' title='bbox 284 1125 498 1165; x_wconf 74' lang='lat' dir='ltr'>exhibuit:</span> 
     </span>
     <span class='ocr_line' id='line_1_16' title="bbox 579 1190 2114 1250; baseline -0.004 -16"><span class='ocrx_word' id='word_1_150' title='bbox 579 1194 680 1234; x_wconf 86' lang='lat' dir='ltr'>Eam</span> <span class='ocrx_word' id='word_1_151' title='bbox 710 1200 730 1234; x_wconf 71' lang='lat' dir='ltr'>a</span> <span class='ocrx_word' id='word_1_152' title='bbox 757 1195 918 1236; x_wconf 88' lang='lat' dir='ltr'>danista</span> <span class='ocrx_word' id='word_1_153' title='bbox 950 1194 1267 1250; x_wconf 70' lang='lat' dir='ltr'>praestinarem.</span> <span class='ocrx_word' id='word_1_154' title='bbox 1323 1191 1582 1237; x_wconf 63' lang='lat' dir='ltr'>Str‚Te&#39;11co.</span> <span class='ocrx_word' id='word_1_155' title='bbox 1642 1204 1708 1245; x_wconf 71' lang='lat' dir='ltr'>Ep,</span> <span class='ocrx_word' id='word_1_156' title='bbox 1733 1190 1857 1230; x_wconf 73' lang='lat' dir='ltr'>Nunc</span> <span class='ocrx_word' id='word_1_157' title='bbox 1887 1193 2114 1239; x_wconf 72' lang='lat' dir='ltr'>auctorem,</span> 
     </span>
     <span class='ocr_line' id='line_1_17' title="bbox 176 1261 2518 1323; baseline -0.003 -15"><span class='ocrx_word' id='word_1_158' title='bbox 176 1283 252 1323; x_wconf 88' lang='lat' dir='ltr'>per</span> <span class='ocrx_word' id='word_1_159' title='bbox 313 1282 358 1306; x_wconf 88' lang='lat' dir='ltr'>se</span> <span class='ocrx_word' id='word_1_160' title='bbox 418 1281 505 1306; x_wconf 92' lang='lat' dir='ltr'>non</span> <span class='ocrx_word' id='word_1_161' title='bbox 563 1265 794 1318; x_wconf 74' lang='lat' dir='ltr'>inficetum,</span> <span class='ocrx_word' id='word_1_162' title='bbox 862 1266 936 1306; x_wconf 86' lang='lat' dir='ltr'>sed</span> <span class='ocrx_word' id='word_1_163' title='bbox 994 1274 1132 1306; x_wconf 89' lang='lat' dir='ltr'>tamen</span> <span class='ocrx_word' id='word_1_164' title='bbox 1193 1272 1237 1305; x_wconf 89' lang='lat' dir='ltr'>ut</span> <span class='ocrx_word' id='word_1_165' title='bbox 1292 1265 1463 1319; x_wconf 76' lang='lat' dir='ltr'>longius</span> <span class='ocrx_word' id='word_1_166' title='bbox 1531 1280 1554 1304; x_wconf 86' lang='lat' dir='ltr'>a</span> <span class='ocrx_word' id='word_1_167' title='bbox 1611 1263 1805 1303; x_wconf 86' lang='lat' dir='ltr'>codicum</span> <span class='ocrx_word' id='word_1_168' title='bbox 1873 1262 2081 1316; x_wconf 81' lang='lat' dir='ltr'>scriptura</span> <span class='ocrx_word' id='word_1_169' title='bbox 2143 1261 2279 1312; x_wconf 75' lang='lat' dir='ltr'>abeat,</span> <span class='ocrx_word' id='word_1_170' title='bbox 2340 1262 2382 1301; x_wconf 92' lang='lat' dir='ltr'>in</span> <span class='ocrx_word' id='word_1_171' title='bbox 2437 1279 2518 1319; x_wconf 83' lang='lat' dir='ltr'>qua</span> 
     </span>
     <span class='ocr_line' id='line_1_18' title="bbox 173 1332 2516 1391; baseline -0.002 -12"><span class='ocrx_word' id='word_1_172' title='bbox 173 1354 267 1379; x_wconf 91' lang='lat' dir='ltr'>cum</span> <span class='ocrx_word' id='word_1_173' title='bbox 302 1339 403 1379; x_wconf 83' lang='lat' dir='ltr'>hacc</span> <span class='ocrx_word' id='word_1_174' title='bbox 434 1337 642 1377; x_wconf 84' lang='lat' dir='ltr'>sententia</span> <span class='ocrx_word' id='word_1_175' title='bbox 672 1337 742 1389; x_wconf 80' lang='lat' dir='ltr'>sit,</span> <span class='ocrx_word' id='word_1_176' title='bbox 775 1354 879 1378; x_wconf 86' lang='lat' dir='ltr'>eam</span> <span class='ocrx_word' id='word_1_177' title='bbox 906 1337 1003 1377; x_wconf 86' lang='lat' dir='ltr'>iam</span> <span class='ocrx_word' id='word_1_178' title='bbox 1035 1337 1175 1376; x_wconf 88' lang='lat' dir='ltr'>domi</span> <span class='ocrx_word' id='word_1_179' title='bbox 1207 1352 1300 1376; x_wconf 91' lang='lat' dir='ltr'>esse</span> <span class='ocrx_word' id='word_1_180' title='bbox 1330 1351 1428 1391; x_wconf 89' lang='lat' dir='ltr'>pro</span> <span class='ocrx_word' id='word_1_181' title='bbox 1470 1335 1598 1376; x_wconf 76' lang='lat' dir='ltr'>filia</span> <span class='ocrx_word' id='word_1_182' title='bbox 1638 1335 1712 1380; x_wconf 88' lang='lat' dir='ltr'>(ita</span> <span class='ocrx_word' id='word_1_183' title='bbox 1757 1334 1868 1375; x_wconf 90' lang='lat' dir='ltr'>enim</span> <span class='ocrx_word' id='word_1_184' title='bbox 1909 1332 2185 1387; x_wconf 71' lang='lat' dir='ltr'>corrigendas</span> <span class='ocrx_word' id='word_1_185' title='bbox 2223 1347 2318 1372; x_wconf 76' lang='lat' dir='ltr'>esse</span> <span class='ocrx_word' id='word_1_186' title='bbox 2356 1334 2516 1375; x_wconf 84' lang='lat' dir='ltr'>litteras</span> 
     </span>
     <span class='ocr_line' id='line_1_19' title="bbox 172 1404 2517 1465; baseline -0.001 -16"><span class='ocrx_word' id='word_1_187' title='bbox 172 1425 267 1465; x_wconf 87' lang='lat' dir='ltr'>pro</span> <span class='ocrx_word' id='word_1_188' title='bbox 299 1409 397 1449; x_wconf 88' lang='lat' dir='ltr'>illa</span> <span class='ocrx_word' id='word_1_189' title='bbox 427 1408 704 1448; x_wconf 88' lang='lat' dir='ltr'>certissimum</span> <span class='ocrx_word' id='word_1_190' title='bbox 739 1411 835 1460; x_wconf 74' lang='lat' dir='ltr'>est),</span> <span class='ocrx_word' id='word_1_191' title='bbox 863 1408 1033 1448; x_wconf 84' lang='lat' dir='ltr'>humani</span> <span class='ocrx_word' id='word_1_192' title='bbox 1062 1408 1222 1463; x_wconf 81' lang='lat' dir='ltr'>aliquid</span> <span class='ocrx_word' id='word_1_193' title='bbox 1253 1423 1404 1462; x_wconf 85' lang='lat' dir='ltr'>passus</span> <span class='ocrx_word' id='word_1_194' title='bbox 1436 1414 1499 1446; x_wconf 75' lang='lat' dir='ltr'>cst</span> <span class='ocrx_word' id='word_1_195' title='bbox 1524 1406 1718 1457; x_wconf 75' lang='lat' dir='ltr'>lacobus,</span> <span class='ocrx_word' id='word_1_196' title='bbox 1748 1406 1851 1446; x_wconf 77' lang='lat' dir='ltr'>falsa</span> <span class='ocrx_word' id='word_1_197' title='bbox 1881 1420 1974 1445; x_wconf 82' lang='lat' dir='ltr'>csse</span> <span class='ocrx_word' id='word_1_198' title='bbox 1995 1405 2098 1444; x_wconf 86' lang='lat' dir='ltr'>hacc</span> <span class='ocrx_word' id='word_1_199' title='bbox 2118 1404 2278 1455; x_wconf 65' lang='lat' dir='ltr'>dicens,</span> <span class='ocrx_word' id='word_1_200' title='bbox 2312 1404 2517 1459; x_wconf 68' lang='lat' dir='ltr'>xirginem</span> 
     </span>
     <span class='ocr_line' id='line_1_20' title="bbox 171 1475 2517 1535; baseline -0.002 -14"><span class='ocrx_word' id='word_1_201' title='bbox 171 1482 282 1521; x_wconf 90' lang='lat' dir='ltr'>enim</span> <span class='ocrx_word' id='word_1_202' title='bbox 311 1481 355 1519; x_wconf 93' lang='lat' dir='ltr'>in</span> <span class='ocrx_word' id='word_1_203' title='bbox 387 1486 594 1535; x_wconf 88' lang='lat' dir='ltr'>sequente</span> <span class='ocrx_word' id='word_1_204' title='bbox 627 1479 795 1519; x_wconf 88' lang='lat' dir='ltr'>demum</span> <span class='ocrx_word' id='word_1_205' title='bbox 826 1494 952 1520; x_wconf 88' lang='lat' dir='ltr'>scena</span> <span class='ocrx_word' id='word_1_206' title='bbox 981 1479 1143 1520; x_wconf 83' lang='lat' dir='ltr'>adduci.</span> <span class='ocrx_word' id='word_1_207' title='bbox 1214 1478 1300 1519; x_wconf 88' lang='lat' dir='ltr'>Sed</span> <span class='ocrx_word' id='word_1_208' title='bbox 1344 1494 1442 1518; x_wconf 73' lang='lat' dir='ltr'>vera</span> <span class='ocrx_word' id='word_1_209' title='bbox 1473 1486 1613 1518; x_wconf 86' lang='lat' dir='ltr'>narrat</span> <span class='ocrx_word' id='word_1_210' title='bbox 1645 1477 1840 1517; x_wconf 88' lang='lat' dir='ltr'>codicum</span> <span class='ocrx_word' id='word_1_211' title='bbox 1873 1477 2103 1531; x_wconf 69' lang='lat' dir='ltr'>seriptura3</span> <span class='ocrx_word' id='word_1_212' title='bbox 2142 1475 2211 1515; x_wconf 89' lang='lat' dir='ltr'>illa</span> <span class='ocrx_word' id='word_1_213' title='bbox 2243 1477 2369 1521; x_wconf 70' lang='lat' dir='ltr'>onim„</span> <span class='ocrx_word' id='word_1_214' title='bbox 2411 1493 2517 1532; x_wconf 82' lang='lat' dir='ltr'>quae</span> 
     </span>
     <span class='ocr_line' id='line_1_21' title="bbox 171 1548 2516 1606; baseline -0.002 -14"><span class='ocrx_word' id='word_1_215' title='bbox 171 1553 270 1592; x_wconf 89' lang='lat' dir='ltr'>olim</span> <span class='ocrx_word' id='word_1_216' title='bbox 301 1551 516 1593; x_wconf 86' lang='lat' dir='ltr'>amabatur</span> <span class='ocrx_word' id='word_1_217' title='bbox 546 1567 568 1591; x_wconf 86' lang='lat' dir='ltr'>a</span> <span class='ocrx_word' id='word_1_218' title='bbox 598 1549 896 1605; x_wconf 74' lang='lat' dir='ltr'>Stratippocle,</span> <span class='ocrx_word' id='word_1_219' title='bbox 928 1551 1122 1606; x_wconf 77' lang='lat' dir='ltr'>profecto</span> <span class='ocrx_word' id='word_1_220' title='bbox 1155 1550 1269 1591; x_wconf 88' lang='lat' dir='ltr'>domi</span> <span class='ocrx_word' id='word_1_221' title='bbox 1300 1550 1383 1590; x_wconf 90' lang='lat' dir='ltr'>iam</span> <span class='ocrx_word' id='word_1_222' title='bbox 1414 1557 1500 1590; x_wconf 87' lang='lat' dir='ltr'>erat</span> <span class='ocrx_word' id='word_1_223' title='bbox 1531 1565 1608 1605; x_wconf 88' lang='lat' dir='ltr'>pro</span> <span class='ocrx_word' id='word_1_224' title='bbox 1641 1550 1737 1602; x_wconf 65' lang='lat' dir='ltr'>[ilia7</span> <span class='ocrx_word' id='word_1_225' title='bbox 1765 1550 1911 1600; x_wconf 71' lang='lat' dir='ltr'>altera,</span> <span class='ocrx_word' id='word_1_226' title='bbox 1953 1563 2079 1603; x_wconf 82' lang='lat' dir='ltr'>quam</span> <span class='ocrx_word' id='word_1_227' title='bbox 2111 1562 2224 1587; x_wconf 92' lang='lat' dir='ltr'>nunc</span> <span class='ocrx_word' id='word_1_228' title='bbox 2264 1548 2392 1588; x_wconf 84' lang='lat' dir='ltr'>amari</span> <span class='ocrx_word' id='word_1_229' title='bbox 2423 1565 2445 1589; x_wconf 87' lang='lat' dir='ltr'>a</span> <span class='ocrx_word' id='word_1_230' title='bbox 2475 1548 2516 1587; x_wconf 78' lang='lat' dir='ltr'>li—</span> 
     </span>
     <span class='ocr_line' id='line_1_22' title="bbox 171 1620 2514 1677; baseline -0.002 -13"><span class='ocrx_word' id='word_1_231' title='bbox 171 1623 227 1664; x_wconf 85' lang='lat' dir='ltr'>lio</span> <span class='ocrx_word' id='word_1_232' title='bbox 257 1624 420 1664; x_wconf 78' lang='lat' dir='ltr'>dixerat</span> <span class='ocrx_word' id='word_1_233' title='bbox 451 1623 558 1674; x_wconf 74' lang='lat' dir='ltr'>seni,</span> <span class='ocrx_word' id='word_1_234' title='bbox 600 1628 664 1662; x_wconf 90' lang='lat' dir='ltr'>cst</span> <span class='ocrx_word' id='word_1_235' title='bbox 695 1622 961 1662; x_wconf 81' lang='lat' dir='ltr'>conducticia</span> <span class='ocrx_word' id='word_1_236' title='bbox 993 1622 1197 1677; x_wconf 80' lang='lat' dir='ltr'>quaedam</span> <span class='ocrx_word' id='word_1_237' title='bbox 1239 1621 1421 1673; x_wconf 76' lang='lat' dir='ltr'>fidicina,</span> <span class='ocrx_word' id='word_1_238' title='bbox 1463 1637 1602 1676; x_wconf 79' lang='lat' dir='ltr'>quam</span> <span class='ocrx_word' id='word_1_239' title='bbox 1626 1621 1815 1661; x_wconf 78' lang='lat' dir='ltr'>ostendit</span> <span class='ocrx_word' id='word_1_240' title='bbox 1856 1620 2020 1675; x_wconf 77' lang='lat' dir='ltr'>argenti</span> <span class='ocrx_word' id='word_1_241' title='bbox 2064 1627 2227 1659; x_wconf 89' lang='lat' dir='ltr'>tantum</span> <span class='ocrx_word' id='word_1_242' title='bbox 2269 1620 2514 1660; x_wconf 79' lang='lat' dir='ltr'>excutiendi</span> 
     </span>
     <span class='ocr_line' id='line_1_23' title="bbox 169 1690 2514 1749; baseline -0.002 -13"><span class='ocrx_word' id='word_1_243' title='bbox 169 1709 309 1745; x_wconf 79' lang='lat' dir='ltr'>causa,</span> <span class='ocrx_word' id='word_1_244' title='bbox 342 1709 450 1749; x_wconf 85' lang='lat' dir='ltr'>qnae</span> <span class='ocrx_word' id='word_1_245' title='bbox 482 1694 592 1734; x_wconf 88' lang='lat' dir='ltr'>haud</span> <span class='ocrx_word' id='word_1_246' title='bbox 622 1693 756 1733; x_wconf 89' lang='lat' dir='ltr'>multo</span> <span class='ocrx_word' id='word_1_247' title='bbox 788 1700 886 1748; x_wconf 87' lang='lat' dir='ltr'>post</span> <span class='ocrx_word' id='word_1_248' title='bbox 916 1693 1052 1734; x_wconf 84' lang='lat' dir='ltr'>libera</span> <span class='ocrx_word' id='word_1_249' title='bbox 1082 1693 1341 1748; x_wconf 72' lang='lat' dir='ltr'>agnoscitur.</span> <span class='ocrx_word' id='word_1_250' title='bbox 1415 1692 1532 1747; x_wconf 77' lang='lat' dir='ltr'>Ergo</span> <span class='ocrx_word' id='word_1_251' title='bbox 1562 1700 1727 1748; x_wconf 89' lang='lat' dir='ltr'>praeter</span> <span class='ocrx_word' id='word_1_252' title='bbox 1759 1692 1883 1732; x_wconf 89' lang='lat' dir='ltr'>unius</span> <span class='ocrx_word' id='word_1_253' title='bbox 1916 1690 2102 1746; x_wconf 57' lang='lat' dir='ltr'>syllabae</span> <span class='ocrx_word' id='word_1_254' title='bbox 2140 1690 2351 1731; x_wconf 82' lang='lat' dir='ltr'>defectum</span> <span class='ocrx_word' id='word_1_255' title='bbox 2389 1692 2514 1731; x_wconf 72' lang='lat' dir='ltr'>veris-</span> 
     </span>
     <span class='ocr_line' id='line_1_24' title="bbox 168 1764 847 1818; baseline -0.006 -13"><span class='ocrx_word' id='word_1_256' title='bbox 168 1766 272 1805; x_wconf 88' lang='lat' dir='ltr'>sima</span> <span class='ocrx_word' id='word_1_257' title='bbox 302 1772 364 1804; x_wconf 89' lang='lat' dir='ltr'>est</span> <span class='ocrx_word' id='word_1_258' title='bbox 393 1764 585 1805; x_wconf 88' lang='lat' dir='ltr'>codicum</span> <span class='ocrx_word' id='word_1_259' title='bbox 615 1764 847 1818; x_wconf 85' lang='lat' dir='ltr'>scriptura:</span> 
     </span>
     <span class='ocr_line' id='line_1_25' title="bbox 574 1830 2106 1888; baseline -0.003 -14"><span class='ocrx_word' id='word_1_260' title='bbox 574 1834 633 1874; x_wconf 89' lang='lat' dir='ltr'>Ea</span> <span class='ocrx_word' id='word_1_261' title='bbox 658 1835 742 1873; x_wconf 74' lang='lat' dir='ltr'>iam</span> <span class='ocrx_word' id='word_1_262' title='bbox 769 1833 924 1873; x_wconf 80' lang='lat' dir='ltr'>domist</span> <span class='ocrx_word' id='word_1_263' title='bbox 952 1848 1030 1888; x_wconf 90' lang='lat' dir='ltr'>pro</span> <span class='ocrx_word' id='word_1_264' title='bbox 1062 1832 1171 1874; x_wconf 78' lang='lat' dir='ltr'>filia.</span> <span class='ocrx_word' id='word_1_265' title='bbox 1227 1845 1280 1878; x_wconf 77' lang='lat' dir='ltr'>st,</span> <span class='ocrx_word' id='word_1_266' title='bbox 1319 1832 1405 1873; x_wconf 85' lang='lat' dir='ltr'>lam</span> <span class='ocrx_word' id='word_1_267' title='bbox 1432 1836 1573 1873; x_wconf 62' lang='lat' dir='ltr'>tdneo.</span> <span class='ocrx_word' id='word_1_268' title='bbox 1634 1844 1700 1887; x_wconf 65' lang='lat' dir='ltr'>Ep,</span> <span class='ocrx_word' id='word_1_269' title='bbox 1725 1830 1849 1871; x_wconf 69' lang='lat' dir='ltr'>Nunc</span> <span class='ocrx_word' id='word_1_270' title='bbox 1880 1834 2106 1871; x_wconf 82' lang='lat' dir='ltr'>auctorem.</span> 
     </span>
     <span class='ocr_line' id='line_1_26' title="bbox 166 1903 2514 1960; baseline 0 -14"><span class='ocrx_word' id='word_1_271' title='bbox 166 1907 214 1946; x_wconf 80' lang='lat' dir='ltr'>ln</span> <span class='ocrx_word' id='word_1_272' title='bbox 246 1921 296 1946; x_wconf 94' lang='lat' dir='ltr'>eo</span> <span class='ocrx_word' id='word_1_273' title='bbox 326 1913 465 1945; x_wconf 84' lang='lat' dir='ltr'>tamen</span> <span class='ocrx_word' id='word_1_274' title='bbox 495 1920 641 1945; x_wconf 67' lang='lat' dir='ltr'>verum</span> <span class='ocrx_word' id='word_1_275' title='bbox 672 1905 852 1945; x_wconf 87' lang='lat' dir='ltr'>lacobus</span> <span class='ocrx_word' id='word_1_276' title='bbox 884 1912 1103 1945; x_wconf 88' lang='lat' dir='ltr'>assecutus</span> <span class='ocrx_word' id='word_1_277' title='bbox 1135 1912 1213 1955; x_wconf 80' lang='lat' dir='ltr'>est.</span> <span class='ocrx_word' id='word_1_278' title='bbox 1245 1904 1360 1960; x_wconf 86' lang='lat' dir='ltr'>quod</span> <span class='ocrx_word' id='word_1_279' title='bbox 1395 1904 1665 1944; x_wconf 81' lang='lat' dir='ltr'>intercidisse</span> <span class='ocrx_word' id='word_1_280' title='bbox 1695 1903 1901 1943; x_wconf 89' lang='lat' dir='ltr'>nonnulla</span> <span class='ocrx_word' id='word_1_281' title='bbox 1930 1903 2125 1955; x_wconf 79' lang='lat' dir='ltr'>coniecit.</span> <span class='ocrx_word' id='word_1_282' title='bbox 2156 1918 2263 1959; x_wconf 86' lang='lat' dir='ltr'>quac</span> <span class='ocrx_word' id='word_1_283' title='bbox 2288 1904 2426 1946; x_wconf 83' lang='lat' dir='ltr'>lacobi</span> <span class='ocrx_word' id='word_1_284' title='bbox 2456 1906 2514 1946; x_wconf 91' lang='lat' dir='ltr'>in-</span> 
     </span>
     <span class='ocr_line' id='line_1_27' title="bbox 167 1976 780 2018; baseline -0.003 0"><span class='ocrx_word' id='word_1_285' title='bbox 167 1978 305 2018; x_wconf 71' lang='lat' dir='ltr'>ventis</span> <span class='ocrx_word' id='word_1_286' title='bbox 335 1992 436 2018; x_wconf 88' lang='lat' dir='ltr'>usus</span> <span class='ocrx_word' id='word_1_287' title='bbox 469 1977 529 2017; x_wconf 89' lang='lat' dir='ltr'>sie</span> <span class='ocrx_word' id='word_1_288' title='bbox 561 1976 780 2017; x_wconf 78' lang='lat' dir='ltr'>instauro:</span> 
     </span>
     <span class='ocr_line' id='line_1_28' title="bbox 573 2045 1979 2104; baseline -0.002 -16"><span class='ocrx_word' id='word_1_289' title='bbox 573 2056 618 2088; x_wconf 92' lang='lat' dir='ltr'>ut</span> <span class='ocrx_word' id='word_1_290' title='bbox 651 2051 775 2104; x_wconf 79' lang='lat' dir='ltr'>qudm</span> <span class='ocrx_word' id='word_1_291' title='bbox 807 2047 1007 2098; x_wconf 71' lang='lat' dir='ltr'>redisses,</span> <span class='ocrx_word' id='word_1_292' title='bbox 1039 2050 1091 2087; x_wconf 77' lang='lat' dir='ltr'>ne</span> <span class='ocrx_word' id='word_1_293' title='bbox 1124 2046 1201 2086; x_wconf 83' lang='lat' dir='ltr'>tihi</span> <span class='ocrx_word' id='word_1_294' title='bbox 1233 2046 1323 2087; x_wconf 91' lang='lat' dir='ltr'>eius</span> <span class='ocrx_word' id='word_1_295' title='bbox 1354 2046 1475 2102; x_wconf 79' lang='lat' dir='ltr'>copia</span> <span class='ocrx_word' id='word_1_296' title='bbox 1502 2053 1628 2098; x_wconf 74' lang='lat' dir='ltr'>esset,</span> <span class='ocrx_word' id='word_1_297' title='bbox 1658 2071 1712 2075; x_wconf 89' lang='lat'>-—</span> <span class='ocrx_word' id='word_1_298' title='bbox 1739 2058 1807 2092; x_wconf 82' lang='lat' dir='ltr'>Str.</span> <span class='ocrx_word' id='word_1_299' title='bbox 1844 2045 1979 2100; x_wconf 69' lang='lat' dir='ltr'>Euge.</span> 
     </span>
     <span class='ocr_line' id='line_1_29' title="bbox 534 2118 1787 2174; baseline -0.001 -15"><span class='ocrx_word' id='word_1_300' title='bbox 534 2137 538 2141; x_wconf 69' lang='grc'><strong>’</strong></span> <span class='ocrx_word' id='word_1_301' title='bbox 574 2134 662 2159; x_wconf 89' lang='lat' dir='ltr'>eam</span> <span class='ocrx_word' id='word_1_302' title='bbox 690 2119 739 2159; x_wconf 71' lang='lat' dir='ltr'>al)</span> <span class='ocrx_word' id='word_1_303' title='bbox 777 2119 930 2159; x_wconf 89' lang='lat' dir='ltr'>lenone</span> <span class='ocrx_word' id='word_1_304' title='bbox 962 2118 1244 2174; x_wconf 82' lang='lat' dir='ltr'>prac&#39;stinaret</span> <span class='ocrx_word' id='word_1_305' title='bbox 1268 2122 1395 2174; x_wconf 76' lang='lat' dir='ltr'>atque</span> <span class='ocrx_word' id='word_1_306' title='bbox 1426 2118 1526 2158; x_wconf 82' lang='lat' dir='ltr'>hinc</span> <span class='ocrx_word' id='word_1_307' title='bbox 1557 2122 1787 2159; x_wconf 65' lang='lat' dir='ltr'>amoveret.</span> 
     </span>
     <span class='ocr_line' id='line_1_30' title="bbox 570 2191 1238 2246; baseline 0 -15"><span class='ocrx_word' id='word_1_308' title='bbox 570 2206 616 2231; x_wconf 84' lang='lat' dir='ltr'>ca</span> <span class='ocrx_word' id='word_1_309' title='bbox 642 2191 721 2232; x_wconf 87' lang='lat' dir='ltr'>iam</span> <span class='ocrx_word' id='word_1_310' title='bbox 753 2191 907 2231; x_wconf 78' lang='lat' dir='ltr'>domist</span> <span class='ocrx_word' id='word_1_311' title='bbox 938 2206 1016 2246; x_wconf 88' lang='lat' dir='ltr'>pro</span> <span class='ocrx_word' id='word_1_312' title='bbox 1047 2191 1131 2231; x_wconf 83' lang='lat' dir='ltr'>lilia</span> <span class='ocrx_word' id='word_1_313' title='bbox 1161 2199 1238 2231; x_wconf 90' lang='lat' dir='ltr'>etc.</span> 
     </span>
     <span class='ocr_line' id='line_1_31' title="bbox 165 2261 2512 2321; baseline -0.002 -14"><span class='ocrx_word' id='word_1_314' title='bbox 165 2267 220 2307; x_wconf 82' lang='lat' dir='ltr'>ita</span> <span class='ocrx_word' id='word_1_315' title='bbox 251 2264 423 2321; x_wconf 90' lang='lat' dir='ltr'>quidem</span> <span class='ocrx_word' id='word_1_316' title='bbox 449 2263 683 2318; x_wconf 82' lang='lat' dir='ltr'>iungenda:</span> <span class='ocrx_word' id='word_1_317' title='bbox 713 2271 757 2303; x_wconf 90' lang='lat' dir='ltr'>ut</span> <span class='ocrx_word' id='word_1_318' title='bbox 789 2278 878 2303; x_wconf 84' lang='lat' dir='ltr'>eam</span> <span class='ocrx_word' id='word_1_319' title='bbox 908 2262 1193 2317; x_wconf 84' lang='lat' dir='ltr'>praestinaret</span> <span class='ocrx_word' id='word_1_320' title='bbox 1222 2270 1263 2302; x_wconf 89' lang='lat' dir='ltr'>et</span> <span class='ocrx_word' id='word_1_321' title='bbox 1291 2269 1522 2314; x_wconf 69' lang='lat' dir='ltr'>amoveret,</span> <span class='ocrx_word' id='word_1_322' title='bbox 1554 2277 1622 2313; x_wconf 73' lang='lat' dir='ltr'>ne,</span> <span class='ocrx_word' id='word_1_323' title='bbox 1655 2276 1748 2301; x_wconf 90' lang='lat' dir='ltr'>cum</span> <span class='ocrx_word' id='word_1_324' title='bbox 1778 2262 1980 2313; x_wconf 80' lang='lat' dir='ltr'>redisses,</span> <span class='ocrx_word' id='word_1_325' title='bbox 2011 2262 2133 2317; x_wconf 86' lang='lat' dir='ltr'>copia</span> <span class='ocrx_word' id='word_1_326' title='bbox 2163 2261 2254 2302; x_wconf 88' lang='lat' dir='ltr'>eius</span> <span class='ocrx_word' id='word_1_327' title='bbox 2285 2262 2362 2303; x_wconf 83' lang='lat' dir='ltr'>tihi</span> <span class='ocrx_word' id='word_1_328' title='bbox 2384 2272 2512 2303; x_wconf 69' lang='lat' dir='ltr'>esset·</span> 
     </span>
     <span class='ocr_line' id='line_1_32' title="bbox 165 2332 2514 2391; baseline -0.002 -13"><span class='ocrx_word' id='word_1_329' title='bbox 165 2335 408 2378; x_wconf 88' lang='lat' dir='ltr'>Similitudo</span> <span class='ocrx_word' id='word_1_330' title='bbox 442 2335 665 2391; x_wconf 87' lang='lat' dir='ltr'>utriusque</span> <span class='ocrx_word' id='word_1_331' title='bbox 695 2350 845 2375; x_wconf 70' lang='lat' dir='ltr'>versus</span> <span class='ocrx_word' id='word_1_332' title='bbox 875 2334 984 2374; x_wconf 86' lang='lat' dir='ltr'>initii</span> <span class='ocrx_word' id='word_1_333' title='bbox 1016 2334 1115 2374; x_wconf 88' lang='lat' dir='ltr'>fecit</span> <span class='ocrx_word' id='word_1_334' title='bbox 1140 2342 1186 2374; x_wconf 91' lang='lat' dir='ltr'>nt</span> <span class='ocrx_word' id='word_1_335' title='bbox 1218 2334 1382 2374; x_wconf 85' lang='lat' dir='ltr'>scribae</span> <span class='ocrx_word' id='word_1_336' title='bbox 1415 2334 1562 2375; x_wconf 73' lang='lat' dir='ltr'>levitas</span> <span class='ocrx_word' id='word_1_337' title='bbox 1581 2334 1631 2374; x_wconf 89' lang='lat' dir='ltr'>ab</span> <span class='ocrx_word' id='word_1_338' title='bbox 1663 2334 1796 2374; x_wconf 83' lang='lat' dir='ltr'>altero</span> <span class='ocrx_word' id='word_1_339' title='bbox 1823 2332 1873 2373; x_wconf 87' lang='lat' dir='ltr'>ad</span> <span class='ocrx_word' id='word_1_340' title='bbox 1897 2333 2078 2372; x_wconf 85' lang='lat' dir='ltr'>alterum</span> <span class='ocrx_word' id='word_1_341' title='bbox 2108 2333 2308 2374; x_wconf 85' lang='lat' dir='ltr'>aberrans</span> <span class='ocrx_word' id='word_1_342' title='bbox 2340 2334 2514 2374; x_wconf 81' lang='lat' dir='ltr'>alterum</span> 
     </span>
     <span class='ocr_line' id='line_1_33' title="bbox 164 2404 2512 2465; baseline -0.001 -17"><span class='ocrx_word' id='word_1_343' title='bbox 164 2409 288 2465; x_wconf 87' lang='lat' dir='ltr'>plane</span> <span class='ocrx_word' id='word_1_344' title='bbox 321 2406 546 2448; x_wconf 85' lang='lat' dir='ltr'>omitteret.</span> <span class='ocrx_word' id='word_1_345' title='bbox 606 2406 789 2447; x_wconf 86' lang='lat' dir='ltr'>Edoeeri</span> <span class='ocrx_word' id='word_1_346' title='bbox 821 2415 958 2447; x_wconf 89' lang='lat' dir='ltr'>autem</span> <span class='ocrx_word' id='word_1_347' title='bbox 992 2406 1339 2462; x_wconf 68' lang='lat' dir='ltr'>Stratippoclem,</span> <span class='ocrx_word' id='word_1_348' title='bbox 1371 2406 1476 2462; x_wconf 84' lang='lat' dir='ltr'>quid</span> <span class='ocrx_word' id='word_1_349' title='bbox 1507 2406 1664 2445; x_wconf 84' lang='lat' dir='ltr'>sactum</span> <span class='ocrx_word' id='word_1_350' title='bbox 1694 2405 1749 2445; x_wconf 88' lang='lat' dir='ltr'>sit</span> <span class='ocrx_word' id='word_1_351' title='bbox 1783 2404 1853 2445; x_wconf 83' lang='lat' dir='ltr'>illa</span> <span class='ocrx_word' id='word_1_352' title='bbox 1883 2404 2064 2456; x_wconf 60' lang='lat' dir='ltr'>fidicina7</span> <span class='ocrx_word' id='word_1_353' title='bbox 2105 2420 2231 2459; x_wconf 81' lang='lat' dir='ltr'>quam</span> <span class='ocrx_word' id='word_1_354' title='bbox 2274 2405 2420 2445; x_wconf 85' lang='lat' dir='ltr'>abiens</span> <span class='ocrx_word' id='word_1_355' title='bbox 2462 2406 2512 2445; x_wconf 85' lang='lat' dir='ltr'>ad</span> 
     </span>
     <span class='ocr_line' id='line_1_34' title="bbox 163 2476 2510 2534; baseline -0.002 -13"><span class='ocrx_word' id='word_1_356' title='bbox 163 2480 376 2534; x_wconf 79' lang='lat' dir='ltr'>legionem</span> <span class='ocrx_word' id='word_1_357' title='bbox 409 2477 489 2517; x_wconf 90' lang='lat' dir='ltr'>emi</span> <span class='ocrx_word' id='word_1_358' title='bbox 515 2478 597 2517; x_wconf 84' lang='lat' dir='ltr'>sibi</span> <span class='ocrx_word' id='word_1_359' title='bbox 623 2477 817 2529; x_wconf 72' lang='lat' dir='ltr'>iusserat,</span> <span class='ocrx_word' id='word_1_360' title='bbox 850 2493 945 2518; x_wconf 90' lang='lat' dir='ltr'>cum</span> <span class='ocrx_word' id='word_1_361' title='bbox 977 2478 1151 2518; x_wconf 89' lang='lat' dir='ltr'>omnino</span> <span class='ocrx_word' id='word_1_362' title='bbox 1187 2477 1341 2518; x_wconf 87' lang='lat' dir='ltr'>alieubi</span> <span class='ocrx_word' id='word_1_363' title='bbox 1371 2485 1655 2533; x_wconf 74' lang='lat' dir='ltr'>exspectetur,</span> <span class='ocrx_word' id='word_1_364' title='bbox 1695 2484 1783 2516; x_wconf 91' lang='lat' dir='ltr'>tum</span> <span class='ocrx_word' id='word_1_365' title='bbox 1817 2476 1915 2516; x_wconf 85' lang='lat' dir='ltr'>huie</span> <span class='ocrx_word' id='word_1_366' title='bbox 1954 2476 2048 2516; x_wconf 90' lang='lat' dir='ltr'>loco</span> <span class='ocrx_word' id='word_1_367' title='bbox 2091 2476 2270 2516; x_wconf 74' lang='lat' dir='ltr'>maxime</span> <span class='ocrx_word' id='word_1_368' title='bbox 2299 2477 2510 2529; x_wconf 52' lang='lat' dir='ltr'>convenit,</span> 
     </span>
     <span class='ocr_line' id='line_1_35' title="bbox 164 2547 2513 2607; baseline -0.001 -16"><span class='ocrx_word' id='word_1_369' title='bbox 164 2552 208 2592; x_wconf 93' lang='lat' dir='ltr'>in</span> <span class='ocrx_word' id='word_1_370' title='bbox 236 2566 320 2607; x_wconf 87' lang='lat' dir='ltr'>quo</span> <span class='ocrx_word' id='word_1_371' title='bbox 349 2549 553 2605; x_wconf 89' lang='lat' dir='ltr'>Epidicus</span> <span class='ocrx_word' id='word_1_372' title='bbox 586 2564 754 2589; x_wconf 88' lang='lat' dir='ltr'>omnem</span> <span class='ocrx_word' id='word_1_373' title='bbox 780 2549 841 2589; x_wconf 88' lang='lat' dir='ltr'>illi</span> <span class='ocrx_word' id='word_1_374' title='bbox 871 2565 962 2589; x_wconf 88' lang='lat' dir='ltr'>rem</span> <span class='ocrx_word' id='word_1_375' title='bbox 991 2549 1139 2589; x_wconf 88' lang='lat' dir='ltr'>ordine</span> <span class='ocrx_word' id='word_1_376' title='bbox 1175 2550 1362 2604; x_wconf 71' lang='lat' dir='ltr'>exponit.</span> <span class='ocrx_word' id='word_1_377' title='bbox 1424 2549 1570 2605; x_wconf 84' lang='lat' dir='ltr'>ltaque</span> <span class='ocrx_word' id='word_1_378' title='bbox 1601 2548 1745 2600; x_wconf 73' lang='lat' dir='ltr'>verba,</span> <span class='ocrx_word' id='word_1_379' title='bbox 1787 2563 1895 2603; x_wconf 85' lang='lat' dir='ltr'>quae</span> <span class='ocrx_word' id='word_1_380' title='bbox 1937 2547 2104 2587; x_wconf 90' lang='lat' dir='ltr'>codices</span> <span class='ocrx_word' id='word_1_381' title='bbox 2144 2548 2418 2602; x_wconf 86' lang='lat' dir='ltr'>suppeditant</span> <span class='ocrx_word' id='word_1_382' title='bbox 2457 2564 2513 2588; x_wconf 84' lang='lat' dir='ltr'>ea</span> 
     </span>
     <span class='ocr_line' id='line_1_36' title="bbox 162 2619 2512 2677; baseline -0.002 -15"><span class='ocrx_word' id='word_1_383' title='bbox 162 2623 262 2663; x_wconf 87' lang='lat' dir='ltr'>iam</span> <span class='ocrx_word' id='word_1_384' title='bbox 301 2621 442 2662; x_wconf 88' lang='lat' dir='ltr'>domi</span> <span class='ocrx_word' id='word_1_385' title='bbox 480 2636 574 2677; x_wconf 84' lang='lat' dir='ltr'>pro</span> <span class='ocrx_word' id='word_1_386' title='bbox 609 2620 730 2661; x_wconf 80' lang='lat' dir='ltr'>filia</span> <span class='ocrx_word' id='word_1_387' title='bbox 772 2628 854 2661; x_wconf 89' lang='lat' dir='ltr'>est</span> <span class='ocrx_word' id='word_1_388' title='bbox 891 2637 979 2662; x_wconf 91' lang='lat' dir='ltr'>non</span> <span class='ocrx_word' id='word_1_389' title='bbox 1020 2621 1144 2662; x_wconf 87' lang='lat' dir='ltr'>modo</span> <span class='ocrx_word' id='word_1_390' title='bbox 1189 2621 1405 2676; x_wconf 86' lang='lat' dir='ltr'>aptissima</span> <span class='ocrx_word' id='word_1_391' title='bbox 1447 2620 1689 2676; x_wconf 48' lang='lat' dir='ltr'>sedrplane</span> <span class='ocrx_word' id='word_1_392' title='bbox 1730 2619 1969 2659; x_wconf 83' lang='lat' dir='ltr'>necessaria</span> <span class='ocrx_word' id='word_1_393' title='bbox 2009 2626 2124 2670; x_wconf 70' lang='lat' dir='ltr'>sunt,</span> <span class='ocrx_word' id='word_1_394' title='bbox 2175 2634 2268 2658; x_wconf 91' lang='lat' dir='ltr'>cnm</span> <span class='ocrx_word' id='word_1_395' title='bbox 2300 2634 2512 2674; x_wconf 84' lang='lat' dir='ltr'>nusquam</span> 
     </span>
     <span class='ocr_line' id='line_1_37' title="bbox 160 2689 2510 2750; baseline -0.002 -17"><span class='ocrx_word' id='word_1_396' title='bbox 160 2700 378 2750; x_wconf 85' lang='lat' dir='ltr'>praetcrea</span> <span class='ocrx_word' id='word_1_397' title='bbox 411 2708 458 2734; x_wconf 87' lang='lat' dir='ltr'>ea</span> <span class='ocrx_word' id='word_1_398' title='bbox 490 2708 558 2733; x_wconf 87' lang='lat' dir='ltr'>res</span> <span class='ocrx_word' id='word_1_399' title='bbox 589 2701 859 2734; x_wconf 84' lang='lat' dir='ltr'>memoretur.</span> <span class='ocrx_word' id='word_1_400' title='bbox 920 2692 1061 2733; x_wconf 75' lang='lat' dir='ltr'>Versu</span> <span class='ocrx_word' id='word_1_401' title='bbox 1086 2693 1282 2748; x_wconf 86' lang='lat' dir='ltr'>sequenti</span> <span class='ocrx_word' id='word_1_402' title='bbox 1303 2708 1430 2749; x_wconf 87' lang='lat' dir='ltr'>quam</span> <span class='ocrx_word' id='word_1_403' title='bbox 1447 2691 1626 2732; x_wconf 90' lang='lat' dir='ltr'>Iacobus</span> <span class='ocrx_word' id='word_1_404' title='bbox 1646 2691 1825 2731; x_wconf 83' lang='lat' dir='ltr'>formam</span> <span class='ocrx_word' id='word_1_405' title='bbox 1849 2689 1996 2730; x_wconf 85' lang='lat' dir='ltr'>maluit</span> <span class='ocrx_word' id='word_1_406' title='bbox 2026 2690 2348 2745; x_wconf 79' lang='lat' dir='ltr'>Apoeciden</span> <span class='ocrx_word' id='word_1_407' title='bbox 2375 2690 2510 2730; x_wconf 83' lang='lat' dir='ltr'>hiatus</span> 
     </span>
     <span class='ocr_line' id='line_1_38' title="bbox 163 2756 2510 2821; baseline -0.003 -15"><span class='ocrx_word' id='word_1_408' title='bbox 163 2765 341 2806; x_wconf 87' lang='lat' dir='ltr'>tollendi</span> <span class='ocrx_word' id='word_1_409' title='bbox 373 2756 511 2817; x_wconf 77' lang='lat' dir='ltr'>causa,</span> <span class='ocrx_word' id='word_1_410' title='bbox 541 2780 628 2804; x_wconf 88' lang='lat' dir='ltr'>non</span> <span class='ocrx_word' id='word_1_411' title='bbox 660 2764 853 2821; x_wconf 87' lang='lat' dir='ltr'>equidem</span> <span class='ocrx_word' id='word_1_412' title='bbox 886 2763 1068 2821; x_wconf 88' lang='lat' dir='ltr'>probare</span> <span class='ocrx_word' id='word_1_413' title='bbox 1096 2779 1288 2819; x_wconf 69' lang='lat' dir='ltr'>possum7</span> <span class='ocrx_word' id='word_1_414' title='bbox 1331 2764 1430 2820; x_wconf 88' lang='lat' dir='ltr'>quia</span> <span class='ocrx_word' id='word_1_415' title='bbox 1461 2763 1599 2804; x_wconf 89' lang='lat' dir='ltr'>hiatus</span> <span class='ocrx_word' id='word_1_416' title='bbox 1629 2770 1670 2802; x_wconf 91' lang='lat' dir='ltr'>et</span> <span class='ocrx_word' id='word_1_417' title='bbox 1694 2761 1859 2818; x_wconf 65' lang='lat' dir='ltr'>syllaba</span> <span class='ocrx_word' id='word_1_418' title='bbox 1902 2776 2056 2816; x_wconf 89' lang='lat' dir='ltr'>anceps</span> <span class='ocrx_word' id='word_1_419' title='bbox 2088 2761 2132 2800; x_wconf 93' lang='lat' dir='ltr'>in</span> <span class='ocrx_word' id='word_1_420' title='bbox 2164 2776 2336 2802; x_wconf 84' lang='lat' dir='ltr'>caesura</span> <span class='ocrx_word' id='word_1_421' title='bbox 2368 2760 2510 2800; x_wconf 87' lang='lat' dir='ltr'>iambi-</span> 
     </span>
    </p>
   </div>
   <div class='ocr_carea' id='block_1_4' title="bbox 163 2831 2510 2941">
    <p class='ocr_par' dir='ltr' id='par_1_4' title="bbox 163 2831 2510 2941">
     <span class='ocr_line' id='line_1_39' title="bbox 163 2831 2510 2898; baseline -0.003 -20"><span class='ocrx_word' id='word_1_422' title='bbox 163 2836 199 2879; x_wconf 88' lang='lat' dir='ltr'>ci</span> <span class='ocrx_word' id='word_1_423' title='bbox 230 2836 459 2894; x_wconf 76' lang='lat' dir='ltr'>septenarii</span> <span class='ocrx_word' id='word_1_424' title='bbox 479 2835 676 2898; x_wconf 29' lang='grc' dir='ltr'>,Ιεθ-ἰῑίωει</span> <span class='ocrx_word' id='word_1_425' title='bbox 704 2843 804 2876; x_wconf 87' lang='lat' dir='ltr'>sunt</span> <span class='ocrx_word' id='word_1_426' title='bbox 835 2842 875 2876; x_wconf 91' lang='lat' dir='ltr'>et</span> <span class='ocrx_word' id='word_1_427' title='bbox 904 2836 1080 2877; x_wconf 86' lang='lat' dir='ltr'>Plautus</span> <span class='ocrx_word' id='word_1_428' title='bbox 1112 2835 1260 2878; x_wconf 85' lang='lat' dir='ltr'>latinas</span> <span class='ocrx_word' id='word_1_429' title='bbox 1292 2835 1449 2877; x_wconf 83' lang='lat' dir='ltr'>formas</span> <span class='ocrx_word' id='word_1_430' title='bbox 1479 2835 1693 2894; x_wconf 74' lang='lat' dir='ltr'>praetulit,</span> <span class='ocrx_word' id='word_1_431' title='bbox 1721 2849 1805 2891; x_wconf 84' lang='lat' dir='ltr'>qna</span> <span class='ocrx_word' id='word_1_432' title='bbox 1832 2847 1876 2873; x_wconf 91' lang='lat' dir='ltr'>re</span> <span class='ocrx_word' id='word_1_433' title='bbox 1909 2847 2048 2889; x_wconf 86' lang='lat' dir='ltr'>neque</span> <span class='ocrx_word' id='word_1_434' title='bbox 2084 2834 2124 2882; x_wconf 60' lang='lat'>2.</span> <span class='ocrx_word' id='word_1_435' title='bbox 2156 2835 2196 2883; x_wconf 69' lang='lat'>2,</span> <span class='ocrx_word' id='word_1_436' title='bbox 2221 2835 2246 2871; x_wconf 88' lang='grc'><strong>3</strong></span> <span class='ocrx_word' id='word_1_437' title='bbox 2277 2831 2417 2872; x_wconf 86' lang='lat' dir='ltr'>lacobi</span> <span class='ocrx_word' id='word_1_438' title='bbox 2449 2847 2510 2871; x_wconf 84' lang='lat' dir='ltr'>ra-</span> 
     </span>
     <span class='ocr_line' id='line_1_40' title="bbox 1348 2905 2309 2941; baseline -0.002 2"><span class='ocrx_word' id='word_1_439' title='bbox 1348 2907 1356 2910; x_wconf 74' lang='grc'><em>“</em></span> <span class='ocrx_word' id='word_1_440' title='bbox 2284 2905 2309 2941; x_wconf 89' lang='grc'>3</span> 
     </span>
    </p>
   </div>
   <div class='ocr_carea' id='block_1_5' title="bbox 158 3115 2512 3277">
    <p class='ocr_par' dir='ltr' id='par_1_5' title="bbox 158 3115 2512 3277">
     <span class='ocr_line' id='line_1_41' title="bbox 158 3115 2512 3167; baseline -0.002 -13"><span class='ocrx_word' id='word_1_441' title='bbox 158 3122 190 3165; x_wconf 78' lang='lat'>⁹)</span> <span class='ocrx_word' id='word_1_442' title='bbox 224 3116 227 3117; x_wconf 39' lang='lat'><em>⁷</em></span> <span class='ocrx_word' id='word_1_443' title='bbox 252 3133 363 3155; x_wconf 68' lang='lat' dir='ltr'>versu</span> <span class='ocrx_word' id='word_1_444' title='bbox 403 3123 518 3156; x_wconf 81' lang='lat' dir='ltr'>altero</span> <span class='ocrx_word' id='word_1_445' title='bbox 565 3115 628 3166; x_wconf 81' lang='lat' dir='ltr'>Ap</span> <span class='ocrx_word' id='word_1_446' title='bbox 653 3122 891 3164; x_wconf 77' lang='lat' dir='ltr'>inveniam,</span> <span class='ocrx_word' id='word_1_447' title='bbox 917 3123 1026 3167; x_wconf 68' lang='lat' dir='ltr'>vulg.</span> <span class='ocrx_word' id='word_1_448' title='bbox 1054 3122 1216 3155; x_wconf 79' lang='lat' dir='ltr'>numeris</span> <span class='ocrx_word' id='word_1_449' title='bbox 1241 3122 1363 3156; x_wconf 71' lang='lat' dir='ltr'>invitis</span> <span class='ocrx_word' id='word_1_450' title='bbox 1390 3123 1540 3155; x_wconf 78' lang='lat' dir='ltr'>inveni</span> <span class='ocrx_word' id='word_1_451' title='bbox 1567 3121 1692 3154; x_wconf 72' lang='lat' dir='ltr'>viam.</span> <span class='ocrx_word' id='word_1_452' title='bbox 1743 3121 1875 3154; x_wconf 79' lang='lat' dir='ltr'>Verum</span> <span class='ocrx_word' id='word_1_453' title='bbox 1902 3119 2037 3153; x_wconf 70' lang='lat' dir='ltr'>invenit</span> <span class='ocrx_word' id='word_1_454' title='bbox 2062 3118 2229 3150; x_wconf 87' lang='lat' dir='ltr'>Iacobus.</span> <span class='ocrx_word' id='word_1_455' title='bbox 2285 3118 2423 3151; x_wconf 85' lang='lat' dir='ltr'>Deinde</span> <span class='ocrx_word' id='word_1_456' title='bbox 2449 3118 2512 3150; x_wconf 81' lang='lat' dir='ltr'>ita</span> 
     </span>
     <span class='ocr_line' id='line_1_42' title="bbox 249 3167 2510 3222; baseline -0.002 -13"><span class='ocrx_word' id='word_1_457' title='bbox 249 3187 332 3221; x_wconf 84' lang='lat' dir='ltr'>ego</span> <span class='ocrx_word' id='word_1_458' title='bbox 352 3178 481 3220; x_wconf 63' lang='lat' dir='ltr'>&gt;Vulg.,</span> <span class='ocrx_word' id='word_1_459' title='bbox 507 3178 571 3211; x_wconf 84' lang='lat' dir='ltr'>sed</span> <span class='ocrx_word' id='word_1_460' title='bbox 597 3189 676 3222; x_wconf 83' lang='lat' dir='ltr'>ego</span> <span class='ocrx_word' id='word_1_461' title='bbox 702 3178 803 3210; x_wconf 84' lang='lat' dir='ltr'>deest</span> <span class='ocrx_word' id='word_1_462' title='bbox 830 3177 867 3210; x_wconf 89' lang='lat' dir='ltr'>in</span> <span class='ocrx_word' id='word_1_463' title='bbox 891 3177 981 3209; x_wconf 82' lang='lat' dir='ltr'>Mss.</span> <span class='ocrx_word' id='word_1_464' title='bbox 1046 3178 1164 3210; x_wconf 67' lang='lat' dir='ltr'>Versu</span> <span class='ocrx_word' id='word_1_465' title='bbox 1190 3179 1298 3211; x_wconf 86' lang='lat' dir='ltr'>tertio</span> <span class='ocrx_word' id='word_1_466' title='bbox 1333 3178 1398 3211; x_wconf 88' lang='lat' dir='ltr'>uti</span> <span class='ocrx_word' id='word_1_467' title='bbox 1423 3183 1470 3211; x_wconf 88' lang='lat' dir='ltr'>tu</span> <span class='ocrx_word' id='word_1_468' title='bbox 1494 3177 1679 3215; x_wconf 77' lang='lat' dir='ltr'>rediss.;</span> <span class='ocrx_word' id='word_1_469' title='bbox 1705 3167 1768 3218; x_wconf 80' lang='lat' dir='ltr'>Ap</span> <span class='ocrx_word' id='word_1_470' title='bbox 1793 3176 1828 3207; x_wconf 88' lang='lat' dir='ltr'>id</span> <span class='ocrx_word' id='word_1_471' title='bbox 1872 3175 2036 3217; x_wconf 80' lang='lat' dir='ltr'>praebet,</span> <span class='ocrx_word' id='word_1_472' title='bbox 2076 3173 2171 3215; x_wconf 85' lang='lat' dir='ltr'>quod</span> <span class='ocrx_word' id='word_1_473' title='bbox 2216 3178 2295 3215; x_wconf 80' lang='lat' dir='ltr'>post</span> <span class='ocrx_word' id='word_1_474' title='bbox 2338 3173 2510 3206; x_wconf 82' lang='lat' dir='ltr'>Iacobum</span> 
     </span>
     <span class='ocr_line' id='line_1_43' title="bbox 249 3231 1710 3277; baseline -0.001 -14"><span class='ocrx_word' id='word_1_475' title='bbox 249 3231 389 3273; x_wconf 77' lang='lat' dir='ltr'>scripsi.</span> <span class='ocrx_word' id='word_1_476' title='bbox 437 3232 476 3265; x_wconf 85' lang='lat' dir='ltr'>lu</span> <span class='ocrx_word' id='word_1_477' title='bbox 501 3232 573 3266; x_wconf 87' lang='lat' dir='ltr'>fine</span> <span class='ocrx_word' id='word_1_478' title='bbox 598 3244 726 3266; x_wconf 69' lang='lat' dir='ltr'>versus</span> <span class='ocrx_word' id='word_1_479' title='bbox 752 3233 859 3276; x_wconf 65' lang='lat' dir='ltr'>Vulg.</span> <span class='ocrx_word' id='word_1_480' title='bbox 889 3243 1003 3277; x_wconf 80' lang='lat' dir='ltr'>euge</span> <span class='ocrx_word' id='word_1_481' title='bbox 1028 3232 1193 3276; x_wconf 80' lang='lat' dir='ltr'>geminat</span> <span class='ocrx_word' id='word_1_482' title='bbox 1218 3237 1364 3276; x_wconf 75' lang='lat' dir='ltr'>praeter</span> <span class='ocrx_word' id='word_1_483' title='bbox 1389 3232 1564 3265; x_wconf 84' lang='lat' dir='ltr'>librorum</span> <span class='ocrx_word' id='word_1_484' title='bbox 1589 3231 1710 3263; x_wconf 85' lang='lat' dir='ltr'>fidem.</span> 
     </span>
    </p>
   </div>
  </div>
 </body>
</html>
